1747 2620
142 81 186 112 11.
215 90 266 114 10.
388 71 568 112 ROME’S
601 80 728 112 RULE
762 80 821 112 OF
852 80 948 112 HER
984 81 1273 113 PROVINCES.
1424 85 1504 128 257

81 189 122 222 50
140 183 378 237 hydriasque
407 184 590 235 grandes,
614 184 729 223 simili
760 185 799 222 in
830 196 976 235 genere
998 191 1116 236 atque
1148 184 1289 223 eadem
1311 193 1392 223 arte
1422 198 1508 236 per-

140 250 273 298 fectas,
295 251 402 291 idem
431 251 495 290 ille
526 251 568 289 P.
592 251 739 302 Scipio,
762 251 818 289 vir
848 251 1035 290 omnibus
1067 252 1185 290 rebus
1215 252 1508 302 praecellentis-

139 318 273 366 simus,
295 325 482 370 posuerat
512 326 550 358 et
579 331 696 358 suum
723 331 874 357 nomen
903 319 1168 369 inscripserat.
1229 318 1339 367 Quid
1358 320 1438 358 iam
1460 319 1509 358 de

138 386 215 425 isto
245 386 358 437 plura
378 386 509 425 dicam
539 392 605 424 aut
635 387 803 437 querar?
863 385 1012 426 Omnia
1042 386 1117 433 illa,
1138 386 1301 434 iudices,
1323 387 1506 426 abstulit:

139 453 235 492 nihil
261 453 301 492 in
322 454 619 504 religiosissimo
642 453 737 492 fano
759 461 914 504 praeter
934 454 1100 504 vestigia
1120 455 1288 493 violatae
1309 455 1510 506 religionis

77 526 119 561 55
139 533 369 573 nomenque
390 521 433 560 P.
457 521 654 573 Scipionis
676 521 830 572 reliquit
849 535 856 559 :
888 521 1062 560 hostium
1085 522 1224 573 spolia,
1247 530 1510 561 monumenta

137 589 433 640 imperatorum,
455 589 600 628 decora
630 596 748 640 atque
770 596 1006 628 ornamenta
1035 589 1219 628 fanorum
1249 590 1418 641 posthac
1448 590 1508 628 his

137 653 347 703 praeclaris
377 655 605 692 nominibus
636 654 790 692 amissis
812 655 851 692 in
882 655 1146 693 instrumento
1166 661 1286 706 atque
1316 655 1357 693 in
1378 655 1508 706 supel-

137 717 263 756 lectile
285 717 331 757 C.
352 718 487 758 Verris
514 720 838 758 numerabuntur.

194 799 230 833 4.
260 785 405 825 Audite
423 787 542 825 etiam
559 787 798 836 singularem
816 787 911 835 eius,
925 787 1088 834 iudices,
1103 787 1370 837 cupiditatem,
1389 788 1507 826 auda-

75 852 120 885 60
138 853 252 901 ciam,
282 854 508 901 amentiam,
540 855 580 893 in
610 854 670 893 his
710 855 940 905 praesertim
981 855 1100 893 sacris
1136 854 1373 904 polluendis,
1406 868 1507 906 quae

137 933 221 960 non
241 921 365 961 modo
385 923 571 961 manibus
592 922 742 973 attingi,
761 922 831 961 sed
851 935 901 961 ne
924 922 1166 972 cogitatione
1189 922 1350 973 quidem
1371 922 1507 961 violari

138 989 196 1028 fas
216 989 299 1029 fuit.
360 989 582 1029 Sacrarium
604 989 759 1029 Cereris
788 997 846 1028 est
874 989 981 1040 apud
1002 988 1238 1028 Catinenses
1260 989 1401 1028 eadem
1422 990 1507 1028 reli-

137 1057 269 1107 gione,
298 1070 378 1108 qua
408 1057 575 1104 Rornae,
607 1069 686 1108 qua
707 1057 747 1095 in
778 1057 916 1096 ceteris
945 1056 1055 1102 locis,
1087 1069 1166 1107 qua
1196 1069 1322 1108 prope
1352 1058 1392 1095 in
1422 1064 1506 1096 toto

138 1125 235 1164 orbe
265 1131 466 1164 terrarum.
526 1125 573 1162 In
604 1137 653 1163 eo
686 1125 857 1164 sacrario
888 1125 1028 1164 intimo
1060 1123 1130 1163 fuit
1161 1125 1321 1175 signum
1352 1123 1507 1164 Cereris

77 1196 118 1238 65
138 1193 428 1244 perantiquum,
459 1193 569 1244 quod
598 1193 677 1241 viri,
699 1205 782 1232 non
811 1192 936 1232 modo
966 1192 1189 1232 cuiusmodi
1218 1199 1334 1239 esset,
1357 1192 1427 1231 sed
1457 1206 1507 1231 ne

137 1272 225 1300 esse
245 1261 406 1312 quidem
429 1261 617 1300 sciebant.
676 1260 819 1299 Aditus
839 1260 946 1298 enirn
974 1260 1013 1297 in
1042 1259 1081 1298 id
1102 1260 1315 1298 sacrarium
1344 1272 1427 1299 non
1448 1268 1507 1298 est

136 1328 225 1367 viris
240 1342 252 1378 3
302 1341 414 1368 sacra
443 1341 514 1379 per
543 1328 727 1367 mulieres
758 1341 804 1367 ac
834 1328 1006 1378 virgines
1037 1326 1180 1366 confici
1213 1327 1351 1366 solent.
1411 1327 1506 1367 Hoc

92 1429 99 1437 .
137 1396 297 1447 signum
326 1403 449 1434 noctu
480 1396 582 1435 clam
612 1396 723 1435 istius
753 1395 853 1434 servi
884 1408 932 1434 ex
963 1394 1027 1433 illo
1059 1394 1356 1445 religiosissimo
1388 1406 1505 1446 atque

137 1464 412 1515 antiquissimo
442 1463 534 1502 fano
565 1463 824 1502 sustulerunt:
870 1462 1059 1513 postridie
1090 1462 1316 1501 sacerdotes
1352 1462 1505 1502 Cereris

79 1541 121 1576 70
138 1540 255 1584 atque
283 1532 383 1571 illius
412 1531 493 1570 fani
514 1532 708 1570 antistitae
739 1531 908 1570 maiores
930 1537 1036 1577 natu,
1058 1531 1248 1581 probatae
1277 1543 1323 1569 ac
1351 1532 1505 1570 nobiles

137 1600 331 1647 mulieres,
352 1613 435 1639 rem
457 1600 506 1638 ad
535 1600 786 1650 magistratus
809 1610 901 1637 suos
923 1598 1117 1636 deferunt.
1176 1596 1375 1637 Omnibus
1397 1611 1504 1638 acer-

137 1669 244 1715 bum,
275 1668 496 1718 indignum,
528 1667 754 1706 luctuosum
795 1666 965 1717 denique
1004 1665 1221 1704 videbatur.
1283 1665 1392 1704 Tum
1432 1668 1503 1706 iste

137 1743 342 1787 permotus
362 1735 427 1774 illa
456 1735 660 1774 atrocitate
687 1735 849 1784 negotii,
870 1741 913 1772 ut
934 1734 984 1772 ab
1005 1746 1047 1772 se
1068 1733 1224 1772 sceleris
1247 1734 1356 1773 istius
1378 1736 1503 1786 suspi-

138 1804 200 1843 cio
231 1804 517 1851 demoveretur,
549 1802 615 1841 dat
644 1802 790 1852 hospiti
822 1814 895 1840 suo
927 1801 1083 1840 cuidam
1115 1802 1332 1851 negotium,
1363 1810 1405 1841 ut
1435 1803 1503 1841 ali-

78 1883 118 1919 75
137 1884 257 1923 quem
292 1871 488 1922 reperiret,
524 1883 642 1921 quem
682 1869 776 1907 illud
816 1869 956 1907 secisse
996 1869 1263 1917 insimularet;
1314 1869 1503 1921 daretque

136 1951 311 1990 operam,
333 1945 376 1977 ut
405 1939 438 1977 is
469 1950 518 1977 eo
548 1937 712 1976 crimine
744 1937 1008 1983 damnaretur,
1031 1949 1082 1975 ne
1113 1937 1198 1988 ipse
1228 1944 1331 1975 esset
1362 1938 1402 1975 in
1433 1939 1503 1976 cri-

136 2007 255 2045 mine.
316 2005 398 2044 Res
428 2017 511 2044 non
532 2005 863 2056 procrastinatur3
895 2016 988 2041 nam
1010 2016 1133 2055 quum
1155 2004 1226 2043 iste
1249 2003 1391 2043 Catina
1412 2018 1503 2056 pro-

138 2073 262 2112 fectus
283 2079 395 2120 esset,
426 2072 524 2110 servi
554 2071 759 2110 cuiusdam
787 2084 934 2110 nomen
966 2071 1147 2110 defertur.
1209 2072 1249 2110 Is
1271 2082 1502 2112 accusatur:

137 2142 214 2179 ficti
235 2147 354 2179 testes
375 2140 416 2178 in
437 2152 528 2178 eum
550 2139 714 2178 dantur:
745 2152 827 2177 rem
850 2147 1014 2178 cunctus
1043 2148 1203 2178 senatus
1229 2138 1503 2179 Catinensium

75 2209 119 2242 80
136 2209 288 2260 legibus
319 2208 476 2247 iudicat.
538 2206 771 2247 Sacerdotes
802 2214 1015 2246 vocantur:
1048 2220 1095 2246 ex
1127 2206 1186 2246 his
1218 2209 1416 2259 quaeritur
1447 2222 1503 2247 sc-

136 2283 244 2316 creto
280 2276 319 2314 in
356 2276 473 2321 curia,
506 2275 600 2326 quid
631 2282 735 2314 esset
776 2275 933 2318 factum,
965 2275 1306 2326 quemadmodum
1343 2277 1502 2314 arbitra-

136 2352 268 2383 rentur
308 2343 466 2394 signum
507 2355 594 2382 esse
625 2343 810 2382 ablatum.
871 2342 1134 2394 Respondent
1175 2344 1271 2391 illae,
1313 2344 1502 2394 praetoris

135 2412 175 2450 in
205 2424 254 2451 eo
285 2412 376 2451 loco
406 2423 541 2450 servos
572 2423 659 2450 esse
691 2411 806 2450 visos.
869 2410 961 2458 Res,
995 2423 1096 2461 quae
1127 2419 1229 2450 esset
1271 2412 1347 2449 iam
1388 2418 1502 2450 antea
