<?xml version="1.0" encoding="UTF-8"?>
<!DOCTYPE html PUBLIC "-//W3C//DTD XHTML 1.0 Transitional//EN"
    "http://www.w3.org/TR/xhtml1/DTD/xhtml1-transitional.dtd">
<html xmlns="http://www.w3.org/1999/xhtml" xml:lang="en" lang="en">
 <head>
  <title>
</title>
<meta http-equiv="Content-Type" content="text/html;charset=utf-8" />
  <meta name='ocr-system' content='tesseract 3.04.00' />
  <meta name='ocr-capabilities' content='ocr_page ocr_carea ocr_par ocr_line ocrx_word'/>
</head>
<body>
  <div class='ocr_page' id='page_1' title='image "./extractsfromcice03ciceuoft_0030.png"; bbox 0 0 1731 2620; ppageno 0'>
   <div class='ocr_carea' id='block_1_1' title="bbox 189 82 1539 124">
    <p class='ocr_par' dir='ltr' id='par_1_1' title="bbox 189 82 1539 124">
     <span class='ocr_line' id='line_1_1' title="bbox 189 82 1539 124; baseline 0.002 -3"><span class='ocrx_word' id='word_1_1' title='bbox 189 82 266 124; x_wconf 82' lang='lat'>228</span> <span class='ocrx_word' id='word_1_2' title='bbox 544 88 795 120; x_wconf 59' lang='lat' dir='ltr'>fxrnziers</span> <span class='ocrx_word' id='word_1_3' title='bbox 826 87 963 119; x_wconf 58' lang='lat' dir='ltr'>meon!</span> <span class='ocrx_word' id='word_1_4' title='bbox 993 88 1179 121; x_wconf 68' lang='lat' dir='ltr'>cremo.</span> <span class='ocrx_word' id='word_1_5' title='bbox 1397 91 1477 124; x_wconf 67' lang='lat' dir='ltr'>sm.</span> <span class='ocrx_word' id='word_1_6' title='bbox 1500 89 1539 124; x_wconf 90' lang='lat' dir='ltr'>v.</span> 
     </span>
    </p>
   </div>
   <div class='ocr_carea' id='block_1_2' title="bbox 183 189 1626 2444">
    <p class='ocr_par' dir='ltr' id='par_1_2' title="bbox 183 189 1603 563">
     <span class='ocr_line' id='line_1_2' title="bbox 184 189 1541 241; baseline -0.001 -11"><span class='ocrx_word' id='word_1_7' title='bbox 184 194 255 230; x_wconf 85' lang='lat' dir='ltr'>·illi</span> <span class='ocrx_word' id='word_1_8' title='bbox 287 192 424 230; x_wconf 80' lang='lat' dir='ltr'>adesse</span> <span class='ocrx_word' id='word_1_9' title='bbox 456 203 536 229; x_wconf 84' lang='lat' dir='ltr'>non</span> <span class='ocrx_word' id='word_1_10' title='bbox 569 191 759 241; x_wconf 74' lang='lat' dir='ltr'>po&lt;sunt.&#39;</span> <span class='ocrx_word' id='word_1_11' title='bbox 820 189 947 228; x_wconf 62' lang='lat' dir='ltr'>‘Nam</span> <span class='ocrx_word' id='word_1_12' title='bbox 978 189 1156 236; x_wconf 82' lang='lat' dir='ltr'>liercule,&#39;</span> <span class='ocrx_word' id='word_1_13' title='bbox 1179 190 1304 241; x_wconf 89' lang='lat' dir='ltr'>inquit</span> <span class='ocrx_word' id='word_1_14' title='bbox 1328 190 1379 238; x_wconf 88' lang='lat' dir='ltr'>Q.</span> <span class='ocrx_word' id='word_1_15' title='bbox 1409 189 1541 230; x_wconf 88' lang='lat' dir='ltr'>Minu-</span> 
     </span>
     <span class='ocr_line' id='line_1_3' title="bbox 184 257 1541 309; baseline -0.001 -12"><span class='ocrx_word' id='word_1_16' title='bbox 184 261 277 305; x_wconf 79' lang='lat' dir='ltr'>cius,</span> <span class='ocrx_word' id='word_1_17' title='bbox 299 263 307 279; x_wconf 80' lang='lat'><strong><em>⁴</em></strong></span> <span class='ocrx_word' id='word_1_18' title='bbox 323 271 386 296; x_wconf 88' lang='lat' dir='ltr'>me</span> <span class='ocrx_word' id='word_1_19' title='bbox 414 270 572 309; x_wconf 86' lang='lat' dir='ltr'>quoque</span> <span class='ocrx_word' id='word_1_20' title='bbox 603 257 770 302; x_wconf 82' lang='lat' dir='ltr'>Petilius,</span> <span class='ocrx_word' id='word_1_21' title='bbox 794 264 834 294; x_wconf 92' lang='lat' dir='ltr'>ut</span> <span class='ocrx_word' id='word_1_22' title='bbox 862 257 934 295; x_wconf 86' lang='lat' dir='ltr'>sibi</span> <span class='ocrx_word' id='word_1_23' title='bbox 965 257 1002 294; x_wconf 91' lang='lat' dir='ltr'>in</span> <span class='ocrx_word' id='word_1_24' title='bbox 1024 257 1190 296; x_wconf 88' lang='lat' dir='ltr'>consilio</span> <span class='ocrx_word' id='word_1_25' title='bbox 1211 257 1404 305; x_wconf 85' lang='lat' dir='ltr'>adessem,</span> <span class='ocrx_word' id='word_1_26' title='bbox 1425 269 1541 308; x_wconf 85' lang='lat' dir='ltr'>roga·</span> 
     </span>
     <span class='ocr_line' id='line_1_4' title="bbox 183 323 1541 374; baseline -0.001 -11"><span class='ocrx_word' id='word_1_27' title='bbox 183 325 257 363; x_wconf 67' lang='lat' dir='ltr'>vit!</span> <span class='ocrx_word' id='word_1_28' title='bbox 316 325 365 362; x_wconf 74' lang='lat' dir='ltr'>Et</span> <span class='ocrx_word' id='word_1_29' title='bbox 387 324 500 362; x_wconf 80' lang='lat' dir='ltr'>simul</span> <span class='ocrx_word' id='word_1_30' title='bbox 523 336 545 360; x_wconf 86' lang='lat' dir='ltr'>a</span> <span class='ocrx_word' id='word_1_31' title='bbox 567 324 759 362; x_wconf 74' lang='lat' dir='ltr'><strong>subselliis</strong></span> <span class='ocrx_word' id='word_1_32' title='bbox 780 324 885 361; x_wconf 88' lang='lat' dir='ltr'>abire</span> <span class='ocrx_word' id='word_1_33' title='bbox 903 324 1042 374; x_wconf 91' lang='lat' dir='ltr'>coepit.</span> <span class='ocrx_word' id='word_1_34' title='bbox 1103 323 1181 362; x_wconf 89' lang='lat' dir='ltr'>Iste</span> <span class='ocrx_word' id='word_1_35' title='bbox 1202 323 1320 362; x_wconf 83' lang='lat' dir='ltr'>iratus</span> <span class='ocrx_word' id='word_1_36' title='bbox 1341 323 1541 363; x_wconf 86' lang='lat' dir='ltr'>hominem</span> 
     </span>
     <span class='ocr_line' id='line_1_5' title="bbox 186 390 1542 441; baseline 0 -13"><span class='ocrx_word' id='word_1_37' title='bbox 186 393 309 430; x_wconf 76' lang='lat' dir='ltr'>verbis</span> <span class='ocrx_word' id='word_1_38' title='bbox 340 391 694 429; x_wconf 77' lang='lat' dir='ltr'>vehementioribus</span> <span class='ocrx_word' id='word_1_39' title='bbox 726 390 988 441; x_wconf 77' lang='lat' dir='ltr'>prosequitur,</span> <span class='ocrx_word' id='word_1_40' title='bbox 1018 398 1136 440; x_wconf 88' lang='lat' dir='ltr'>atque</span> <span class='ocrx_word' id='word_1_41' title='bbox 1170 390 1204 429; x_wconf 90' lang='lat' dir='ltr'>ei</span> <span class='ocrx_word' id='word_1_42' title='bbox 1235 391 1391 441; x_wconf 82' lang='lat' dir='ltr'>gravius</span> <span class='ocrx_word' id='word_1_43' title='bbox 1425 391 1542 429; x_wconf 87' lang='lat' dir='ltr'>etiam</span> 
     </span>
     <span class='ocr_line' id='line_1_6' title="bbox 183 456 1603 508; baseline 0 -12"><span class='ocrx_word' id='word_1_44' title='bbox 183 459 322 496; x_wconf 89' lang='lat' dir='ltr'>minari</span> <span class='ocrx_word' id='word_1_45' title='bbox 354 458 494 508; x_wconf 87' lang='lat' dir='ltr'>coepit,</span> <span class='ocrx_word' id='word_1_46' title='bbox 516 458 624 508; x_wconf 90' lang='lat' dir='ltr'>quod</span> <span class='ocrx_word' id='word_1_47' title='bbox 654 458 692 495; x_wconf 94' lang='lat' dir='ltr'>in</span> <span class='ocrx_word' id='word_1_48' title='bbox 723 469 765 495; x_wconf 89' lang='lat' dir='ltr'>se</span> <span class='ocrx_word' id='word_1_49' title='bbox 796 464 944 495; x_wconf 84' lang='lat' dir='ltr'>tantum</span> <span class='ocrx_word' id='word_1_50' title='bbox 976 457 1123 495; x_wconf 81' lang='lat' dir='ltr'>crimen</span> <span class='ocrx_word' id='word_1_51' title='bbox 1153 456 1418 508; x_wconf 86' lang='lat' dir='ltr'>invidiamque</span> <span class='ocrx_word' id='word_1_52' title='bbox 1447 468 1542 496; x_wconf 90' lang='lat' dir='ltr'>con·</span> <span class='ocrx_word' id='word_1_53' title='bbox 1563 465 1603 500; x_wconf 87' lang='grc'>75</span> 
     </span>
     <span class='ocr_line' id='line_1_7' title="bbox 184 525 304 563; baseline 0 0"><span class='ocrx_word' id='word_1_54' title='bbox 184 525 304 563; x_wconf 83' lang='lat' dir='ltr'>flaret.</span> 
     </span>
    </p>

    <p class='ocr_par' dir='ltr' id='par_1_3' title="bbox 183 589 1626 2444">
     <span class='ocr_line' id='line_1_8' title="bbox 241 589 1543 641; baseline 0 -11"><span class='ocrx_word' id='word_1_55' title='bbox 241 606 276 640; x_wconf 84' lang='lat'>3.</span> <span class='ocrx_word' id='word_1_56' title='bbox 309 591 520 632; x_wconf 80' lang='lat' dir='ltr'>Minucius.</span> <span class='ocrx_word' id='word_1_57' title='bbox 552 590 618 640; x_wconf 91' lang='lat' dir='ltr'>qui</span> <span class='ocrx_word' id='word_1_58' title='bbox 650 589 852 641; x_wconf 70' lang='lat' dir='ltr'>Syracusis</span> <span class='ocrx_word' id='word_1_59' title='bbox 882 590 937 629; x_wconf 91' lang='lat' dir='ltr'>sic</span> <span class='ocrx_word' id='word_1_60' title='bbox 972 590 1247 641; x_wconf 83' lang='lat' dir='ltr'>negotiaretur,</span> <span class='ocrx_word' id='word_1_61' title='bbox 1277 597 1320 631; x_wconf 90' lang='lat' dir='ltr'>ut</span> <span class='ocrx_word' id='word_1_62' title='bbox 1354 591 1413 630; x_wconf 91' lang='lat' dir='ltr'>sui</span> <span class='ocrx_word' id='word_1_63' title='bbox 1448 591 1543 631; x_wconf 87' lang='lat' dir='ltr'>iuris</span> 
     </span>
     <span class='ocr_line' id='line_1_9' title="bbox 184 658 1543 710; baseline 0 -13"><span class='ocrx_word' id='word_1_64' title='bbox 184 659 461 708; x_wconf 68' lang='lat' dir='ltr'>dignitatisque</span> <span class='ocrx_word' id='word_1_65' title='bbox 493 658 746 701; x_wconf 84' lang='lat' dir='ltr'>meminisset,</span> <span class='ocrx_word' id='word_1_66' title='bbox 778 666 814 695; x_wconf 88' lang='lat' dir='ltr'>et</span> <span class='ocrx_word' id='word_1_67' title='bbox 847 658 913 708; x_wconf 88' lang='lat' dir='ltr'>qui</span> <span class='ocrx_word' id='word_1_68' title='bbox 950 659 1076 703; x_wconf 85' lang='lat' dir='ltr'>sciret,</span> <span class='ocrx_word' id='word_1_69' title='bbox 1109 659 1162 697; x_wconf 89' lang='lat' dir='ltr'>ita</span> <span class='ocrx_word' id='word_1_70' title='bbox 1196 670 1238 698; x_wconf 90' lang='lat' dir='ltr'>se</span> <span class='ocrx_word' id='word_1_71' title='bbox 1273 658 1313 697; x_wconf 89' lang='lat' dir='ltr'>in</span> <span class='ocrx_word' id='word_1_72' title='bbox 1343 658 1543 710; x_wconf 89' lang='lat' dir='ltr'>provincia</span> 
     </span>
     <span class='ocr_line' id='line_1_10' title="bbox 183 723 1542 776; baseline 0.001 -13"><span class='ocrx_word' id='word_1_73' title='bbox 183 738 264 764; x_wconf 84' lang='lat' dir='ltr'>rem</span> <span class='ocrx_word' id='word_1_74' title='bbox 300 738 442 776; x_wconf 83' lang='lat' dir='ltr'>augere</span> <span class='ocrx_word' id='word_1_75' title='bbox 478 733 672 776; x_wconf 86' lang='lat' dir='ltr'>oportere,</span> <span class='ocrx_word' id='word_1_76' title='bbox 704 733 744 762; x_wconf 90' lang='lat' dir='ltr'>ut</span> <span class='ocrx_word' id='word_1_77' title='bbox 780 736 828 762; x_wconf 88' lang='lat' dir='ltr'>ne</span> <span class='ocrx_word' id='word_1_78' title='bbox 863 724 958 774; x_wconf 90' lang='lat' dir='ltr'>quid</span> <span class='ocrx_word' id='word_1_79' title='bbox 994 724 1042 763; x_wconf 89' lang='lat' dir='ltr'>de</span> <span class='ocrx_word' id='word_1_80' title='bbox 1078 724 1252 764; x_wconf 85' lang='lat' dir='ltr'>libertate</span> <span class='ocrx_word' id='word_1_81' title='bbox 1286 723 1542 776; x_wconf 83' lang='lat' dir='ltr'>deperderet;</span> 
     </span>
     <span class='ocr_line' id='line_1_11' title="bbox 183 791 1607 843; baseline -0.001 -14"><span class='ocrx_word' id='word_1_82' title='bbox 183 792 334 830; x_wconf 81' lang='lat' dir='ltr'>homini</span> <span class='ocrx_word' id='word_1_83' title='bbox 365 804 465 843; x_wconf 74' lang='lat' dir='ltr'>quae</span> <span class='ocrx_word' id='word_1_84' title='bbox 497 793 575 829; x_wconf 79' lang='lat' dir='ltr'>visa</span> <span class='ocrx_word' id='word_1_85' title='bbox 606 799 708 836; x_wconf 87' lang='lat' dir='ltr'>sunt,</span> <span class='ocrx_word' id='word_1_86' title='bbox 730 799 768 829; x_wconf 88' lang='lat' dir='ltr'>et</span> <span class='ocrx_word' id='word_1_87' title='bbox 797 803 898 841; x_wconf 75' lang='lat' dir='ltr'>quae</span> <span class='ocrx_word' id='word_1_88' title='bbox 930 798 1086 842; x_wconf 89' lang='lat' dir='ltr'>tempus</span> <span class='ocrx_word' id='word_1_89' title='bbox 1116 791 1210 830; x_wconf 91' lang='lat' dir='ltr'>illud</span> <span class='ocrx_word' id='word_1_90' title='bbox 1234 791 1319 830; x_wconf 86' lang='lat' dir='ltr'>tulit</span> <span class='ocrx_word' id='word_1_91' title='bbox 1345 799 1384 831; x_wconf 90' lang='lat' dir='ltr'>et</span> <span class='ocrx_word' id='word_1_92' title='bbox 1411 803 1542 840; x_wconf 86' lang='lat' dir='ltr'>causa,</span> <span class='ocrx_word' id='word_1_93' title='bbox 1563 797 1607 830; x_wconf 89' lang='lat'>80</span> 
     </span>
     <span class='ocr_line' id='line_1_12' title="bbox 183 857 1542 909; baseline 0.001 -13"><span class='ocrx_word' id='word_1_94' title='bbox 183 859 409 909; x_wconf 79' lang='lat' dir='ltr'>respondit:</span> <span class='ocrx_word' id='word_1_95' title='bbox 439 870 598 897; x_wconf 78' lang='lat' dir='ltr'>causam</span> <span class='ocrx_word' id='word_1_96' title='bbox 621 870 706 896; x_wconf 86' lang='lat' dir='ltr'>sese</span> <span class='ocrx_word' id='word_1_97' title='bbox 735 858 898 896; x_wconf 89' lang='lat' dir='ltr'>dimisso</span> <span class='ocrx_word' id='word_1_98' title='bbox 926 866 1043 908; x_wconf 86' lang='lat' dir='ltr'>atque</span> <span class='ocrx_word' id='word_1_99' title='bbox 1071 857 1254 909; x_wconf 86' lang='lat' dir='ltr'>ablegato</span> <span class='ocrx_word' id='word_1_100' title='bbox 1281 858 1447 897; x_wconf 90' lang='lat' dir='ltr'>consilio</span> <span class='ocrx_word' id='word_1_101' title='bbox 1475 858 1542 898; x_wconf 87' lang='lat' dir='ltr'>de-</span> 
     </span>
     <span class='ocr_line' id='line_1_13' title="bbox 184 923 1544 976; baseline 0.001 -14"><span class='ocrx_word' id='word_1_102' title='bbox 184 925 384 963; x_wconf 78' lang='lat' dir='ltr'>fensurum</span> <span class='ocrx_word' id='word_1_103' title='bbox 403 925 568 974; x_wconf 76' lang='lat' dir='ltr'>negavit.</span> <span class='ocrx_word' id='word_1_104' title='bbox 621 923 759 975; x_wconf 87' lang='lat' dir='ltr'>Itaque</span> <span class='ocrx_word' id='word_1_105' title='bbox 781 937 803 961; x_wconf 84' lang='lat' dir='ltr'>a</span> <span class='ocrx_word' id='word_1_106' title='bbox 825 924 1016 963; x_wconf 82' lang='lat' dir='ltr'>subselliis</span> <span class='ocrx_word' id='word_1_107' title='bbox 1034 924 1235 964; x_wconf 87' lang='lat' dir='ltr'>discessit:</span> <span class='ocrx_word' id='word_1_108' title='bbox 1262 924 1447 976; x_wconf 87' lang='lat' dir='ltr'>idemque</span> <span class='ocrx_word' id='word_1_109' title='bbox 1467 924 1544 965; x_wconf 90' lang='lat' dir='ltr'>hoc</span> 
     </span>
     <span class='ocr_line' id='line_1_14' title="bbox 186 990 1544 1043; baseline 0.001 -13"><span class='ocrx_word' id='word_1_110' title='bbox 186 999 337 1042; x_wconf 84' lang='lat' dir='ltr'>praeter</span> <span class='ocrx_word' id='word_1_111' title='bbox 378 991 531 1030; x_wconf 92' lang='lat' dir='ltr'>Siculos</span> <span class='ocrx_word' id='word_1_112' title='bbox 567 991 682 1030; x_wconf 89' lang='lat' dir='ltr'>ceteri</span> <span class='ocrx_word' id='word_1_113' title='bbox 724 990 879 1041; x_wconf 83' lang='lat' dir='ltr'>Sopatri</span> <span class='ocrx_word' id='word_1_114' title='bbox 914 991 1029 1029; x_wconf 86' lang='lat' dir='ltr'>amici</span> <span class='ocrx_word' id='word_1_115' title='bbox 1065 991 1324 1043; x_wconf 85' lang='lat' dir='ltr'>advocatique</span> <span class='ocrx_word' id='word_1_116' title='bbox 1359 991 1544 1035; x_wconf 80' lang='lat' dir='ltr'>fecerunt,</span> 
     </span>
     <span class='ocr_line' id='line_1_15' title="bbox 186 1058 1544 1109; baseline 0.001 -11"><span class='ocrx_word' id='word_1_117' title='bbox 186 1060 275 1105; x_wconf 85' lang='lat' dir='ltr'>Iste,</span> <span class='ocrx_word' id='word_1_118' title='bbox 315 1071 555 1109; x_wconf 83' lang='lat' dir='ltr'>quamquam</span> <span class='ocrx_word' id='word_1_119' title='bbox 597 1067 655 1096; x_wconf 87' lang='lat' dir='ltr'>est</span> <span class='ocrx_word' id='word_1_120' title='bbox 695 1058 910 1096; x_wconf 87' lang='lat' dir='ltr'>incredibili</span> <span class='ocrx_word' id='word_1_121' title='bbox 952 1058 1245 1108; x_wconf 88' lang='lat' dir='ltr'>importunitate</span> <span class='ocrx_word' id='word_1_122' title='bbox 1285 1066 1322 1097; x_wconf 92' lang='lat' dir='ltr'>et</span> <span class='ocrx_word' id='word_1_123' title='bbox 1367 1058 1544 1101; x_wconf 87' lang='lat' dir='ltr'>audacia,</span> 
     </span>
     <span class='ocr_line' id='line_1_16' title="bbox 184 1125 1604 1176; baseline 0.001 -11"><span class='ocrx_word' id='word_1_124' title='bbox 184 1136 315 1165; x_wconf 84' lang='lat' dir='ltr'>tamen</span> <span class='ocrx_word' id='word_1_125' title='bbox 346 1126 476 1164; x_wconf 91' lang='lat' dir='ltr'>subito</span> <span class='ocrx_word' id='word_1_126' title='bbox 507 1125 614 1163; x_wconf 93' lang='lat' dir='ltr'>solus</span> <span class='ocrx_word' id='word_1_127' title='bbox 645 1125 852 1163; x_wconf 90' lang='lat' dir='ltr'>destitutus</span> <span class='ocrx_word' id='word_1_128' title='bbox 888 1125 1084 1175; x_wconf 87' lang='lat' dir='ltr'>pertimuit</span> <span class='ocrx_word' id='word_1_129' title='bbox 1118 1132 1156 1164; x_wconf 91' lang='lat' dir='ltr'>et</span> <span class='ocrx_word' id='word_1_130' title='bbox 1185 1126 1440 1165; x_wconf 88' lang='lat' dir='ltr'>conturbatus</span> <span class='ocrx_word' id='word_1_131' title='bbox 1474 1131 1544 1165; x_wconf 85' lang='lat' dir='ltr'>est.</span> <span class='ocrx_word' id='word_1_132' title='bbox 1563 1134 1604 1176; x_wconf 83' lang='lat'>85</span> 
     </span>
     <span class='ocr_line' id='line_1_17' title="bbox 184 1191 1545 1244; baseline -0.001 -12"><span class='ocrx_word' id='word_1_133' title='bbox 184 1193 292 1241; x_wconf 89' lang='lat' dir='ltr'>Quid</span> <span class='ocrx_word' id='word_1_134' title='bbox 327 1200 472 1244; x_wconf 88' lang='lat' dir='ltr'>ageret,</span> <span class='ocrx_word' id='word_1_135' title='bbox 507 1204 586 1243; x_wconf 93' lang='lat' dir='ltr'>quo</span> <span class='ocrx_word' id='word_1_136' title='bbox 622 1204 663 1230; x_wconf 89' lang='lat' dir='ltr'>se</span> <span class='ocrx_word' id='word_1_137' title='bbox 699 1199 872 1237; x_wconf 78' lang='lat' dir='ltr'>verteret,</span> <span class='ocrx_word' id='word_1_138' title='bbox 909 1192 1120 1230; x_wconf 86' lang='lat' dir='ltr'>nesciebat.</span> <span class='ocrx_word' id='word_1_139' title='bbox 1181 1191 1221 1231; x_wconf 92' lang='lat' dir='ltr'>Si</span> <span class='ocrx_word' id='word_1_140' title='bbox 1256 1192 1466 1231; x_wconf 89' lang='lat' dir='ltr'>dimisisset</span> <span class='ocrx_word' id='word_1_141' title='bbox 1495 1203 1545 1232; x_wconf 90' lang='lat' dir='ltr'>eo</span> 
     </span>
     <span class='ocr_line' id='line_1_18' title="bbox 186 1258 1544 1310; baseline 0 -12"><span class='ocrx_word' id='word_1_142' title='bbox 186 1269 364 1310; x_wconf 90' lang='lat' dir='ltr'>tempore</span> <span class='ocrx_word' id='word_1_143' title='bbox 389 1259 676 1310; x_wconf 87' lang='lat' dir='ltr'>quaestionem,</span> <span class='ocrx_word' id='word_1_144' title='bbox 698 1266 799 1309; x_wconf 92' lang='lat' dir='ltr'>post,</span> <span class='ocrx_word' id='word_1_145' title='bbox 829 1258 901 1297; x_wconf 90' lang='lat' dir='ltr'>illis</span> <span class='ocrx_word' id='word_1_146' title='bbox 922 1258 1104 1297; x_wconf 82' lang='lat' dir='ltr'>adhibitis</span> <span class='ocrx_word' id='word_1_147' title='bbox 1131 1259 1172 1297; x_wconf 91' lang='lat' dir='ltr'>in</span> <span class='ocrx_word' id='word_1_148' title='bbox 1194 1258 1414 1306; x_wconf 90' lang='lat' dir='ltr'>consilium,</span> <span class='ocrx_word' id='word_1_149' title='bbox 1442 1270 1544 1310; x_wconf 89' lang='lat' dir='ltr'>quos</span> 
     </span>
     <span class='ocr_line' id='line_1_19' title="bbox 185 1325 1544 1377; baseline -0.001 -12"><span class='ocrx_word' id='word_1_150' title='bbox 185 1327 393 1377; x_wconf 83' lang='lat' dir='ltr'>ablegarat,</span> <span class='ocrx_word' id='word_1_151' title='bbox 416 1327 639 1365; x_wconf 87' lang='lat' dir='ltr'>absolutum</span> <span class='ocrx_word' id='word_1_152' title='bbox 662 1326 704 1365; x_wconf 90' lang='lat' dir='ltr'>iri</span> <span class='ocrx_word' id='word_1_153' title='bbox 727 1325 938 1376; x_wconf 73' lang='lat' dir='ltr'>Sopatrum</span> <span class='ocrx_word' id='word_1_154' title='bbox 963 1326 1139 1365; x_wconf 85' lang='lat' dir='ltr'>videbat:</span> <span class='ocrx_word' id='word_1_155' title='bbox 1170 1326 1229 1365; x_wconf 89' lang='lat' dir='ltr'>sin</span> <span class='ocrx_word' id='word_1_156' title='bbox 1257 1333 1389 1365; x_wconf 89' lang='lat' dir='ltr'>autem</span> <span class='ocrx_word' id='word_1_157' title='bbox 1416 1325 1544 1365; x_wconf 88' lang='lat' dir='ltr'>homi-</span> 
     </span>
     <span class='ocr_line' id='line_1_20' title="bbox 186 1392 1544 1444; baseline 0 -12"><span class='ocrx_word' id='word_1_158' title='bbox 186 1406 276 1432; x_wconf 90' lang='lat' dir='ltr'>nem</span> <span class='ocrx_word' id='word_1_159' title='bbox 306 1394 492 1432; x_wconf 89' lang='lat' dir='ltr'>miserum</span> <span class='ocrx_word' id='word_1_160' title='bbox 523 1403 639 1444; x_wconf 83' lang='lat' dir='ltr'>atque</span> <span class='ocrx_word' id='word_1_161' title='bbox 677 1393 931 1432; x_wconf 90' lang='lat' dir='ltr'>innocentem</span> <span class='ocrx_word' id='word_1_162' title='bbox 961 1392 1276 1439; x_wconf 85' lang='lat' dir='ltr'>condemnasset,</span> <span class='ocrx_word' id='word_1_163' title='bbox 1306 1404 1430 1443; x_wconf 89' lang='lat' dir='ltr'>quum</span> <span class='ocrx_word' id='word_1_164' title='bbox 1459 1392 1544 1443; x_wconf 86' lang='lat' dir='ltr'>ipse</span> 
     </span>
     <span class='ocr_line' id='line_1_21' title="bbox 185 1458 1607 1511; baseline 0.001 -13"><span class='ocrx_word' id='word_1_165' title='bbox 185 1468 342 1511; x_wconf 89' lang='lat' dir='ltr'>praetor</span> <span class='ocrx_word' id='word_1_166' title='bbox 371 1460 454 1499; x_wconf 90' lang='lat' dir='ltr'>sine</span> <span class='ocrx_word' id='word_1_167' title='bbox 485 1461 662 1507; x_wconf 87' lang='lat' dir='ltr'>consilio,</span> <span class='ocrx_word' id='word_1_168' title='bbox 693 1472 782 1499; x_wconf 90' lang='lat' dir='ltr'>reus</span> <span class='ocrx_word' id='word_1_169' title='bbox 813 1467 944 1498; x_wconf 89' lang='lat' dir='ltr'>autem</span> <span class='ocrx_word' id='word_1_170' title='bbox 974 1459 1060 1497; x_wconf 88' lang='lat' dir='ltr'>sine</span> <span class='ocrx_word' id='word_1_171' title='bbox 1083 1466 1252 1511; x_wconf 88' lang='lat' dir='ltr'>patrono</span> <span class='ocrx_word' id='word_1_172' title='bbox 1278 1465 1396 1510; x_wconf 90' lang='lat' dir='ltr'>atque</span> <span class='ocrx_word' id='word_1_173' title='bbox 1425 1458 1544 1499; x_wconf 87' lang='lat' dir='ltr'>advo·</span> <span class='ocrx_word' id='word_1_174' title='bbox 1562 1471 1607 1504; x_wconf 86' lang='lat'>90</span> 
     </span>
     <span class='ocr_line' id='line_1_22' title="bbox 186 1524 1543 1578; baseline 0 -13"><span class='ocrx_word' id='word_1_175' title='bbox 186 1527 280 1565; x_wconf 84' lang='lat' dir='ltr'>catis</span> <span class='ocrx_word' id='word_1_176' title='bbox 308 1525 455 1572; x_wconf 87' lang='lat' dir='ltr'>suisset,</span> <span class='ocrx_word' id='word_1_177' title='bbox 477 1526 744 1578; x_wconf 89' lang='lat' dir='ltr'>iudiciumque</span> <span class='ocrx_word' id='word_1_178' title='bbox 775 1525 820 1564; x_wconf 90' lang='lat' dir='ltr'>C.</span> <span class='ocrx_word' id='word_1_179' title='bbox 850 1524 1073 1564; x_wconf 84' lang='lat' dir='ltr'>Sacerdotis</span> <span class='ocrx_word' id='word_1_180' title='bbox 1102 1525 1335 1572; x_wconf 89' lang='lat' dir='ltr'>rescidisset,</span> <span class='ocrx_word' id='word_1_181' title='bbox 1355 1525 1543 1565; x_wconf 90' lang='lat' dir='ltr'>invidiam</span> 
     </span>
     <span class='ocr_line' id='line_1_23' title="bbox 186 1591 1546 1644; baseline -0.001 -12"><span class='ocrx_word' id='word_1_182' title='bbox 186 1606 228 1632; x_wconf 91' lang='lat' dir='ltr'>se</span> <span class='ocrx_word' id='word_1_183' title='bbox 250 1593 439 1632; x_wconf 90' lang='lat' dir='ltr'>sustinere</span> <span class='ocrx_word' id='word_1_184' title='bbox 461 1605 543 1633; x_wconf 91' lang='lat' dir='ltr'>non</span> <span class='ocrx_word' id='word_1_185' title='bbox 564 1605 682 1644; x_wconf 89' lang='lat' dir='ltr'>posse</span> <span class='ocrx_word' id='word_1_186' title='bbox 704 1601 850 1632; x_wconf 88' lang='lat' dir='ltr'>tantam</span> <span class='ocrx_word' id='word_1_187' title='bbox 871 1592 1138 1631; x_wconf 86' lang='lat' dir='ltr'>arbitrabatur.</span> <span class='ocrx_word' id='word_1_188' title='bbox 1182 1591 1322 1643; x_wconf 90' lang='lat' dir='ltr'>Itaque</span> <span class='ocrx_word' id='word_1_189' title='bbox 1343 1592 1546 1631; x_wconf 89' lang='lat' dir='ltr'>aestuabat</span> 
     </span>
     <span class='ocr_line' id='line_1_24' title="bbox 187 1659 1544 1709; baseline 0 -11"><span class='ocrx_word' id='word_1_190' title='bbox 187 1660 453 1699; x_wconf 86' lang='lat' dir='ltr'>dubitatione:</span> <span class='ocrx_word' id='word_1_191' title='bbox 493 1661 672 1699; x_wconf 88' lang='lat' dir='ltr'>versabat</span> <span class='ocrx_word' id='word_1_192' title='bbox 707 1672 748 1698; x_wconf 92' lang='lat' dir='ltr'>se</span> <span class='ocrx_word' id='word_1_193' title='bbox 787 1659 826 1697; x_wconf 91' lang='lat' dir='ltr'>in</span> <span class='ocrx_word' id='word_1_194' title='bbox 862 1666 1069 1709; x_wconf 87' lang='lat' dir='ltr'>utramque</span> <span class='ocrx_word' id='word_1_195' title='bbox 1104 1665 1255 1709; x_wconf 87' lang='lat' dir='ltr'>partem</span> <span class='ocrx_word' id='word_1_196' title='bbox 1294 1670 1377 1698; x_wconf 91' lang='lat' dir='ltr'>non</span> <span class='ocrx_word' id='word_1_197' title='bbox 1416 1659 1544 1699; x_wconf 88' lang='lat' dir='ltr'>solum</span> 
     </span>
     <span class='ocr_line' id='line_1_25' title="bbox 187 1725 1545 1777; baseline 0 -12"><span class='ocrx_word' id='word_1_198' title='bbox 187 1734 330 1773; x_wconf 89' lang='lat' dir='ltr'>mente,</span> <span class='ocrx_word' id='word_1_199' title='bbox 351 1739 485 1765; x_wconf 84' lang='lat' dir='ltr'>verum</span> <span class='ocrx_word' id='word_1_200' title='bbox 515 1726 632 1765; x_wconf 90' lang='lat' dir='ltr'>etiam</span> <span class='ocrx_word' id='word_1_201' title='bbox 663 1738 852 1777; x_wconf 90' lang='lat' dir='ltr'>corpore:</span> <span class='ocrx_word' id='word_1_202' title='bbox 883 1733 925 1763; x_wconf 89' lang='lat' dir='ltr'>ut</span> <span class='ocrx_word' id='word_1_203' title='bbox 954 1736 1095 1764; x_wconf 90' lang='lat' dir='ltr'>omnes</span> <span class='ocrx_word' id='word_1_204' title='bbox 1123 1725 1190 1776; x_wconf 90' lang='lat' dir='ltr'>qui</span> <span class='ocrx_word' id='word_1_205' title='bbox 1217 1725 1380 1764; x_wconf 85' lang='lat' dir='ltr'>aderant</span> <span class='ocrx_word' id='word_1_206' title='bbox 1406 1725 1545 1765; x_wconf 91' lang='lat' dir='ltr'>intelli-</span> 
     </span>
     <span class='ocr_line' id='line_1_26' title="bbox 187 1791 1604 1845; baseline 0.001 -13"><span class='ocrx_word' id='word_1_207' title='bbox 187 1806 280 1844; x_wconf 86' lang='lat' dir='ltr'>gere</span> <span class='ocrx_word' id='word_1_208' title='bbox 308 1801 482 1845; x_wconf 86' lang='lat' dir='ltr'>possent,</span> <span class='ocrx_word' id='word_1_209' title='bbox 506 1794 545 1832; x_wconf 90' lang='lat' dir='ltr'>in</span> <span class='ocrx_word' id='word_1_210' title='bbox 566 1794 699 1832; x_wconf 90' lang='lat' dir='ltr'>animo</span> <span class='ocrx_word' id='word_1_211' title='bbox 721 1794 802 1831; x_wconf 89' lang='lat' dir='ltr'>eius</span> <span class='ocrx_word' id='word_1_212' title='bbox 830 1799 979 1830; x_wconf 88' lang='lat' dir='ltr'>metum</span> <span class='ocrx_word' id='word_1_213' title='bbox 1001 1791 1334 1843; x_wconf 86' lang='lat' dir='ltr'>cupiditatemque</span> <span class='ocrx_word' id='word_1_214' title='bbox 1354 1805 1544 1844; x_wconf 86' lang='lat' dir='ltr'>pugnare.</span> <span class='ocrx_word' id='word_1_215' title='bbox 1562 1805 1604 1840; x_wconf 83' lang='lat'>95</span> 
     </span>
     <span class='ocr_line' id='line_1_27' title="bbox 186 1858 1545 1906; baseline -0.001 -7"><span class='ocrx_word' id='word_1_216' title='bbox 186 1860 280 1899; x_wconf 89' lang='lat' dir='ltr'>Erat</span> <span class='ocrx_word' id='word_1_217' title='bbox 301 1860 506 1899; x_wconf 88' lang='lat' dir='ltr'>hominum</span> <span class='ocrx_word' id='word_1_218' title='bbox 528 1868 746 1899; x_wconf 84' lang='lat' dir='ltr'>conventus</span> <span class='ocrx_word' id='word_1_219' title='bbox 765 1859 973 1905; x_wconf 83' lang='lat' dir='ltr'>maximus,</span> <span class='ocrx_word' id='word_1_220' title='bbox 994 1870 1194 1896; x_wconf 86' lang='lat' dir='ltr'>summum</span> <span class='ocrx_word' id='word_1_221' title='bbox 1214 1858 1421 1906; x_wconf 89' lang='lat' dir='ltr'>silentium,</span> <span class='ocrx_word' id='word_1_222' title='bbox 1438 1871 1545 1898; x_wconf 89' lang='lat' dir='ltr'>sum·</span> 
     </span>
     <span class='ocr_line' id='line_1_28' title="bbox 187 1925 1545 1978; baseline 0.001 -13"><span class='ocrx_word' id='word_1_223' title='bbox 187 1940 252 1965; x_wconf 91' lang='lat' dir='ltr'>ma</span> <span class='ocrx_word' id='word_1_224' title='bbox 282 1927 533 1978; x_wconf 85' lang='lat' dir='ltr'>exspectatio,</span> <span class='ocrx_word' id='word_1_225' title='bbox 556 1938 732 1977; x_wconf 88' lang='lat' dir='ltr'>quonam</span> <span class='ocrx_word' id='word_1_226' title='bbox 762 1934 863 1964; x_wconf 91' lang='lat' dir='ltr'>esset</span> <span class='ocrx_word' id='word_1_227' title='bbox 893 1926 976 1963; x_wconf 91' lang='lat' dir='ltr'>eius</span> <span class='ocrx_word' id='word_1_228' title='bbox 1006 1925 1199 1975; x_wconf 86' lang='lat' dir='ltr'>cupiditas</span> <span class='ocrx_word' id='word_1_229' title='bbox 1228 1932 1432 1976; x_wconf 89' lang='lat' dir='ltr'>eruptura:</span> <span class='ocrx_word' id='word_1_230' title='bbox 1461 1938 1545 1966; x_wconf 89' lang='lat' dir='ltr'>cre-</span> 
     </span>
     <span class='ocr_line' id='line_1_29' title="bbox 187 1991 1544 2033; baseline 0.001 -1"><span class='ocrx_word' id='word_1_231' title='bbox 187 1994 258 2032; x_wconf 93' lang='lat' dir='ltr'>bro</span> <span class='ocrx_word' id='word_1_232' title='bbox 289 1993 516 2032; x_wconf 90' lang='lat' dir='ltr'>demittebat</span> <span class='ocrx_word' id='word_1_233' title='bbox 545 2005 587 2032; x_wconf 90' lang='lat' dir='ltr'>se</span> <span class='ocrx_word' id='word_1_234' title='bbox 617 2005 808 2032; x_wconf 87' lang='lat' dir='ltr'>accensus</span> <span class='ocrx_word' id='word_1_235' title='bbox 843 1992 893 2031; x_wconf 91' lang='lat' dir='ltr'>ad</span> <span class='ocrx_word' id='word_1_236' title='bbox 923 2004 1057 2030; x_wconf 90' lang='lat' dir='ltr'>aurem</span> <span class='ocrx_word' id='word_1_237' title='bbox 1091 1991 1376 2032; x_wconf 87' lang='lat' dir='ltr'>Timarchides.</span> <span class='ocrx_word' id='word_1_238' title='bbox 1434 1992 1544 2033; x_wconf 88' lang='lat' dir='ltr'>Tum</span> 
     </span>
     <span class='ocr_line' id='line_1_30' title="bbox 186 2057 1543 2111; baseline 0.001 -13"><span class='ocrx_word' id='word_1_239' title='bbox 186 2061 258 2099; x_wconf 89' lang='lat' dir='ltr'>iste</span> <span class='ocrx_word' id='word_1_240' title='bbox 279 2060 504 2111; x_wconf 89' lang='lat' dir='ltr'>aliquando,</span> <span class='ocrx_word' id='word_1_241' title='bbox 526 2063 535 2080; x_wconf 90' lang='lat'>‘</span> <span class='ocrx_word' id='word_1_242' title='bbox 549 2060 649 2111; x_wconf 85' lang='lat' dir='ltr'>Age,</span> <span class='ocrx_word' id='word_1_243' title='bbox 671 2057 758 2106; x_wconf 89' lang='lat' dir='ltr'>dic,’</span> <span class='ocrx_word' id='word_1_244' title='bbox 779 2059 913 2109; x_wconf 70' lang='lat' dir='ltr'>inquit</span> <span class='ocrx_word' id='word_1_245' title='bbox 976 2058 1084 2097; x_wconf 91' lang='lat' dir='ltr'>Reus</span> <span class='ocrx_word' id='word_1_246' title='bbox 1107 2058 1317 2109; x_wconf 88' lang='lat' dir='ltr'>implorare</span> <span class='ocrx_word' id='word_1_247' title='bbox 1337 2059 1543 2100; x_wconf 89' lang='lat' dir='ltr'>hominum</span> 
     </span>
     <span class='ocr_line' id='line_1_31' title="bbox 187 2125 1626 2178; baseline 0.003 -13"><span class='ocrx_word' id='word_1_248' title='bbox 187 2134 305 2178; x_wconf 87' lang='lat' dir='ltr'>atque</span> <span class='ocrx_word' id='word_1_249' title='bbox 352 2127 470 2165; x_wconf 89' lang='lat' dir='ltr'>deum</span> <span class='ocrx_word' id='word_1_250' title='bbox 510 2127 640 2173; x_wconf 89' lang='lat' dir='ltr'>fidem,</span> <span class='ocrx_word' id='word_1_251' title='bbox 679 2133 721 2165; x_wconf 95' lang='lat' dir='ltr'>ut</span> <span class='ocrx_word' id='word_1_252' title='bbox 760 2137 851 2165; x_wconf 92' lang='lat' dir='ltr'>cum</span> <span class='ocrx_word' id='word_1_253' title='bbox 887 2125 1053 2164; x_wconf 89' lang='lat' dir='ltr'>consilio</span> <span class='ocrx_word' id='word_1_254' title='bbox 1087 2133 1356 2176; x_wconf 89' lang='lat' dir='ltr'>cognosceret.</span> <span class='ocrx_word' id='word_1_255' title='bbox 1433 2126 1542 2167; x_wconf 90' lang='lat' dir='ltr'>Tum</span> <span class='ocrx_word' id='word_1_256' title='bbox 1564 2144 1626 2169; x_wconf 83' lang='lat' dir='ltr'>roo</span> 
     </span>
     <span class='ocr_line' id='line_1_32' title="bbox 186 2192 1542 2244; baseline 0.001 -13"><span class='ocrx_word' id='word_1_257' title='bbox 186 2199 348 2244; x_wconf 89' lang='lat' dir='ltr'>repente</span> <span class='ocrx_word' id='word_1_258' title='bbox 378 2193 449 2231; x_wconf 89' lang='lat' dir='ltr'>iste</span> <span class='ocrx_word' id='word_1_259' title='bbox 478 2201 596 2232; x_wconf 88' lang='lat' dir='ltr'>testes</span> <span class='ocrx_word' id='word_1_260' title='bbox 621 2193 726 2231; x_wconf 89' lang='lat' dir='ltr'>citari</span> <span class='ocrx_word' id='word_1_261' title='bbox 757 2193 885 2230; x_wconf 87' lang='lat' dir='ltr'>iubet:</span> <span class='ocrx_word' id='word_1_262' title='bbox 917 2192 1010 2230; x_wconf 91' lang='lat' dir='ltr'>dicit</span> <span class='ocrx_word' id='word_1_263' title='bbox 1033 2203 1136 2230; x_wconf 90' lang='lat' dir='ltr'>unus</span> <span class='ocrx_word' id='word_1_264' title='bbox 1165 2199 1204 2231; x_wconf 92' lang='lat' dir='ltr'>et</span> <span class='ocrx_word' id='word_1_265' title='bbox 1231 2192 1327 2232; x_wconf 85' lang='lat' dir='ltr'>alter</span> <span class='ocrx_word' id='word_1_266' title='bbox 1354 2193 1542 2234; x_wconf 85' lang='lat' dir='ltr'>breviter:</span> 
     </span>
     <span class='ocr_line' id='line_1_33' title="bbox 187 2259 1541 2311; baseline 0.003 -14"><span class='ocrx_word' id='word_1_267' title='bbox 187 2259 281 2297; x_wconf 89' lang='lat' dir='ltr'>nihil</span> <span class='ocrx_word' id='word_1_268' title='bbox 316 2259 601 2310; x_wconf 86' lang='lat' dir='ltr'>interrogatur:</span> <span class='ocrx_word' id='word_1_269' title='bbox 646 2271 790 2310; x_wconf 88' lang='lat' dir='ltr'>praeco</span> <span class='ocrx_word' id='word_1_270' title='bbox 826 2270 971 2298; x_wconf 66' lang='lat' dir='ltr'>mxrssr:</span> <span class='ocrx_word' id='word_1_271' title='bbox 1004 2259 1242 2309; x_wconf 91' lang='lat' dir='ltr'>pronuntiat.</span> <span class='ocrx_word' id='word_1_272' title='bbox 1303 2259 1395 2308; x_wconf 87' lang='lat' dir='ltr'>Iste,</span> <span class='ocrx_word' id='word_1_273' title='bbox 1427 2262 1541 2311; x_wconf 88' lang='lat' dir='ltr'>quasi</span> 
     </span>
     <span class='ocr_line' id='line_1_34' title="bbox 187 2325 1540 2378; baseline 0.002 -14"><span class='ocrx_word' id='word_1_274' title='bbox 187 2332 388 2372; x_wconf 89' lang='lat' dir='ltr'>metueret,</span> <span class='ocrx_word' id='word_1_275' title='bbox 410 2338 460 2364; x_wconf 91' lang='lat' dir='ltr'>ne</span> <span class='ocrx_word' id='word_1_276' title='bbox 488 2325 644 2364; x_wconf 90' lang='lat' dir='ltr'>Petilius</span> <span class='ocrx_word' id='word_1_277' title='bbox 672 2327 821 2378; x_wconf 83' lang='lat' dir='ltr'>privato</span> <span class='ocrx_word' id='word_1_278' title='bbox 849 2326 913 2365; x_wconf 88' lang='lat' dir='ltr'>illo</span> <span class='ocrx_word' id='word_1_279' title='bbox 940 2325 1084 2365; x_wconf 91' lang='lat' dir='ltr'>iudicio</span> <span class='ocrx_word' id='word_1_280' title='bbox 1110 2332 1308 2365; x_wconf 88' lang='lat' dir='ltr'>transacto</span> <span class='ocrx_word' id='word_1_281' title='bbox 1327 2333 1394 2366; x_wconf 85' lang='lat' dir='ltr'>aut</span> <span class='ocrx_word' id='word_1_282' title='bbox 1420 2327 1540 2368; x_wconf 90' lang='lat' dir='ltr'>dilato</span> 
     </span>
     <span class='ocr_line' id='line_1_35' title="bbox 188 2386 1588 2444; baseline 0.003 -14"><span class='ocrx_word' id='word_1_283' title='bbox 188 2404 279 2430; x_wconf 87' lang='lat' dir='ltr'>curn</span> <span class='ocrx_word' id='word_1_284' title='bbox 303 2393 441 2431; x_wconf 89' lang='lat' dir='ltr'>ceteris</span> <span class='ocrx_word' id='word_1_285' title='bbox 468 2393 508 2430; x_wconf 93' lang='lat' dir='ltr'>in</span> <span class='ocrx_word' id='word_1_286' title='bbox 529 2392 735 2431; x_wconf 89' lang='lat' dir='ltr'>consilium</span> <span class='ocrx_word' id='word_1_287' title='bbox 761 2399 1028 2440; x_wconf 90' lang='lat' dir='ltr'>reverteretur,</span> <span class='ocrx_word' id='word_1_288' title='bbox 1047 2393 1101 2432; x_wconf 86' lang='lat' dir='ltr'>ita</span> <span class='ocrx_word' id='word_1_289' title='bbox 1127 2404 1344 2444; x_wconf 88' lang='lat' dir='ltr'>properans</span> <span class='ocrx_word' id='word_1_290' title='bbox 1370 2393 1420 2433; x_wconf 91' lang='lat' dir='ltr'>de</span> <span class='ocrx_word' id='word_1_291' title='bbox 1447 2394 1541 2435; x_wconf 88' lang='lat' dir='ltr'>sella</span> <span class='ocrx_word' id='word_1_292' title='bbox 1583 2386 1588 2391; x_wconf 47' lang='lat'>⁸</span> 
     </span>
    </p>
   </div>
  </div>
 </body>
</html>
