1731 2620
191 94 271 136 208
546 103 797 136 EXTRACTS
828 104 967 136 FROM
995 105 1178 139 CICERO.
1388 109 1470 142 Sect.
1488 109 1531 145 v.

187 210 307 242 tracta
335 210 436 250 sunt,
458 210 516 242 est
545 204 733 255 quiddam
762 206 800 243 in
829 205 900 243 hac
928 218 968 243 re
989 205 1081 243 mihi
1107 205 1307 246 molestius
1327 207 1533 248 ferendum

187 283 304 321 quarn
339 272 416 309 tibi.
477 271 638 309 Factum
674 278 731 309 est
767 272 870 309 enirn
901 284 990 310 mea
1020 272 1144 322 culpa,
1175 280 1310 311 contra
1339 286 1457 325 quam
1492 282 1532 314 tu
1574 291 1577 294 ·

187 349 341 375 mecum
370 344 407 374 et
436 337 690 386 proficiscens
717 345 755 375 ct
783 350 851 387 per
878 338 1019 376 litteras
1048 350 1196 387 egeras,
1217 345 1260 377 ut
1279 340 1406 389 priore
1427 352 1532 379 anno

188 415 266 441 non
288 403 569 440 succederetur.
629 402 749 450 Quod
774 416 862 453 ego,
884 403 976 441 dum
999 404 1110 442 saluti
1139 405 1334 443 sociorum
1355 406 1532 452 consulo,
1553 420 1594 444 πο

187 468 280 506 dum
316 467 582 517 impudentiae
618 468 897 506 nonnullorum
931 470 1221 518 negotiatorum
1255 471 1404 518 resisto,
1439 471 1533 509 dum

189 542 363 572 nostram
385 533 549 583 gloriam
572 541 637 572 tua
658 535 792 572 virtute
814 535 946 583 augeri
963 542 1116 585 expeto,
1134 535 1208 574 feci
1228 547 1309 574 non
1326 537 1532 587 sapienter,

187 601 411 649 praesertim
443 612 563 651 quum
595 600 632 638 id
663 601 938 647 commiserim,
968 608 1009 638 ut
1043 601 1103 640 ille
1138 602 1231 640 alter
1263 613 1388 642 annus
1417 604 1533 642 etiam

186 667 339 704 tertium
371 673 504 716 posset
536 666 741 704 adducere.
801 666 922 714 Quod
951 668 1137 717 quoniam
1165 676 1371 718 peccatum
1400 680 1533 707 meum

187 744 271 770 esse
298 732 500 778 confiteor,
523 739 579 771 est
611 733 822 782 sapientiae
854 739 968 782 atque
999 732 1250 773 humanitatis
1280 742 1369 773 tuae
1398 746 1532 773 curare
1553 746 1593 780 25

187 805 224 835 et
245 798 442 848 perficere,
464 806 505 836 ut
525 798 600 837 hoc
621 799 751 836 minus
773 798 968 848 sapienter
989 811 1012 836 a
1032 811 1096 836 me
1117 801 1315 850 provisum
1335 800 1535 850 diligentia

187 871 252 902 tua
272 865 496 913 corrigatur.
554 867 614 903 Ac
641 865 672 903 si
699 872 735 902 te
761 865 844 914 ipse
871 864 1136 904 vehementius
1163 867 1213 905 ad
1241 878 1380 906 omnes
1405 874 1534 918 partes

189 932 288 970 bene
310 931 493 970 audiendi
522 931 712 977 excitaris,
735 943 816 969 non
845 938 886 969 ut
907 943 996 969 cum
1024 931 1118 978 aliis,
1141 933 1211 971 sed
1237 939 1280 971 ut
1300 940 1430 972 tecum
1456 934 1534 971 iam

190 998 270 1047 ipse
294 1004 430 1043 certes,
453 998 484 1035 si
505 1009 665 1035 omnem
687 1005 791 1035 tuam
814 1003 999 1043 mentem,
1017 1010 1164 1044 curam,
1187 1000 1464 1050 cogitationem
1485 999 1536 1037 ad

189 1063 411 1101 excellentis
450 1064 490 1101 in
529 1064 713 1101 omnibus
753 1063 869 1100 rebus
909 1063 1034 1101 laudis
1070 1064 1322 1114 cupiditatem
1355 1065 1534 1113 incitaris,
1553 1083 1597 1115 30

188 1130 281 1168 mihi
310 1130 436 1177 crede,
458 1141 558 1167 unus
588 1141 713 1167 annus
743 1129 898 1167 additus
927 1129 1050 1167 labori
1082 1137 1148 1168 tuo
1177 1131 1388 1170 multorum
1411 1143 1535 1170 anno-

190 1205 273 1231 rum
296 1193 477 1231 laetitiam
495 1193 621 1239 nobis,
638 1193 760 1230 immo
781 1204 872 1230 vero
893 1193 1009 1230 etiam
1027 1194 1194 1243 posteris
1215 1195 1358 1233 nostris
1377 1194 1535 1234 adferet.

192 1259 443 1310 Quapropter
471 1259 546 1297 hoc
574 1265 610 1296 te
639 1259 807 1308 primum
836 1270 946 1308 rogo,
970 1271 1018 1297 ne
1046 1260 1254 1299 contrahas
1281 1273 1327 1299 ac
1356 1261 1536 1299 demittas

189 1325 374 1371 animum,
412 1337 508 1362 neve
547 1332 583 1362 te
624 1325 734 1362 obrui
774 1331 975 1374 tamquam
1016 1324 1146 1371 ssuctu,
1178 1326 1232 1364 sic
1267 1326 1537 1376 magnitudine

190 1392 335 1442 negotii
367 1392 484 1437 sinas,
516 1397 729 1440 contraque
759 1390 886 1440 erigas
916 1403 962 1428 ac
992 1391 1147 1429 resistas
1178 1392 1256 1430 sive
1290 1393 1407 1430 etiam
1435 1392 1536 1432 ultro
1555 1411 1596 1444 35

193 1470 374 1496 occurras
405 1457 584 1507 negotiis.
644 1455 784 1505 Neque
815 1456 919 1494 enirn
950 1457 1142 1495 eiusmodi
1174 1465 1324 1507 partem
1354 1458 1408 1496 rei
1437 1458 1536 1510 pub-

191 1525 285 1562 licae
312 1524 426 1573 geris,
450 1523 487 1560 in
516 1534 594 1572 qua
622 1522 777 1560 fortuna
804 1522 1036 1569 dominetur,
1059 1523 1129 1561 sed
1156 1524 1196 1561 in
1224 1535 1302 1575 qua
1328 1523 1536 1574 plurimum

191 1590 288 1628 ratio
309 1590 432 1639 possit
453 1596 490 1627 et
512 1588 722 1638 diligentia.
782 1587 903 1635 Quod
931 1588 962 1626 si
989 1589 1059 1626 tibi
1082 1589 1228 1627 bellum
1250 1589 1409 1640 aliquod
1429 1602 1537 1640 mag-

194 1668 289 1694 num
328 1663 366 1693 et
405 1654 666 1705 periculosum
705 1654 988 1692 administranti
1031 1662 1286 1705 prorogatum
1332 1656 1538 1706 imperium

193 1722 375 1768 viderem,
398 1729 604 1759 tremerem
627 1720 771 1767 animo,
793 1720 901 1770 quod
921 1720 1063 1758 eodem
1085 1727 1261 1771 tempore
1288 1733 1373 1760 esse
1401 1721 1537 1760 intelli·
1556 1737 1600 1771 40

194 1800 328 1837 gesem
349 1788 465 1826 etiam
487 1786 664 1824 fortunae
685 1792 920 1836 potestatem
941 1787 981 1823 in
1001 1798 1075 1824 nos
1096 1793 1360 1837 prorogatam.
1420 1786 1539 1826 Nunc

195 1865 285 1892 vero
306 1866 353 1892 ea
379 1865 469 1904 pars
496 1853 564 1890 tibi
584 1853 637 1890 rei
665 1852 843 1903 publicae
864 1852 1077 1890 commissa
1103 1859 1170 1899 est,
1192 1853 1232 1890 in
1259 1865 1338 1903 qua
1365 1860 1430 1892 aut
1454 1853 1539 1891 nul-

195 1920 272 1958 lam
293 1926 359 1958 aut
382 1919 634 1969 perexiguam
663 1925 813 1968 partem
833 1917 988 1956 fortuna
1015 1925 1130 1964 tenet,
1153 1924 1190 1956 et
1216 1930 1317 1968 quae
1344 1919 1438 1957 mihi
1458 1925 1540 1957 tota

196 1987 235 2023 in
270 1993 336 2023 tua
368 1986 504 2023 virtute
539 1997 584 2022 ac
618 1984 887 2022 moderatione
920 1984 1040 2021 animi
1076 1984 1204 2033 posita
1237 1995 1323 2022 esse
1357 1985 1539 2024 videatur.

197 2051 346 2098 Nullas,
377 2058 418 2090 ut
447 2051 598 2102 opinor,
628 2050 790 2088 insidias
817 2050 1001 2095 hostium,
1033 2050 1178 2088 nullam
1209 2050 1345 2100 proelii
1379 2051 1539 2090 dimica·
1555 2071 1598 2105 45

197 2119 354 2164 tionem,
385 2117 530 2155 nullam
561 2115 820 2154 defectionem
851 2115 1057 2162 sociorum,
1088 2115 1234 2153 nullam
1269 2116 1443 2167 inopiam
1473 2117 1540 2156 sti-

198 2184 330 2236 pendii
369 2189 434 2221 aut
471 2194 526 2220 re1
562 2181 847 2227 frumentariae,
887 2181 1031 2218 nullam
1075 2181 1308 2219 seditionem
1347 2183 1540 2222 exercitus

197 2249 533 2301 pertimescimus:
562 2259 662 2298 quae
678 2258 865 2296 persaepe
881 2247 1177 2296 sapientissimis
1198 2247 1286 2285 viris
1302 2248 1539 2297 acciderunt,

198 2323 252 2361 ut,
282 2326 398 2365 quem
429 2314 479 2351 ad
508 2313 670 2351 modum
700 2313 982 2361 gubernatores
1012 2312 1149 2361 optimi
1179 2312 1254 2350 vim
1284 2315 1538 2362 tempestatis,

199 2381 254 2418 sic
283 2380 335 2417 illi
359 2379 535 2417 fortunae
564 2379 752 2429 impetum
784 2389 965 2428 superare
994 2389 1075 2415 non
1105 2384 1278 2428 possent.
1337 2377 1430 2417 Tibi
1450 2379 1541 2419 data
1557 2396 1600 2430 50
