<?xml version="1.0" encoding="UTF-8"?>
<!DOCTYPE html PUBLIC "-//W3C//DTD XHTML 1.0 Transitional//EN"
    "http://www.w3.org/TR/xhtml1/DTD/xhtml1-transitional.dtd">
<html xmlns="http://www.w3.org/1999/xhtml" xml:lang="en" lang="en">
 <head>
  <title>
</title>
<meta http-equiv="Content-Type" content="text/html;charset=utf-8" />
  <meta name='ocr-system' content='tesseract 3.04.00' />
  <meta name='ocr-capabilities' content='ocr_page ocr_carea ocr_par ocr_line ocrx_word'/>
</head>
<body>
  <div class='ocr_page' id='page_1' title='image "./extractsfromcice03ciceuoft_0052.png"; bbox 0 0 1731 2620; ppageno 0'>
   <div class='ocr_carea' id='block_1_1' title="bbox 242 103 1583 156">
    <p class='ocr_par' dir='ltr' id='par_1_1' title="bbox 242 103 1583 156">
     <span class='ocr_line' id='line_1_1' title="bbox 242 103 1583 156; baseline -0.004 -14"><span class='ocrx_word' id='word_1_1' title='bbox 242 113 322 156; x_wconf 74' lang='lat'><strong>250</strong></span> <span class='ocrx_word' id='word_1_2' title='bbox 599 106 846 139; x_wconf 82' lang='lat' dir='ltr'><strong>EXTRACTS</strong></span> <span class='ocrx_word' id='word_1_3' title='bbox 876 104 1013 136; x_wconf 81' lang='lat' dir='ltr'><strong>FRoM</strong></span> <span class='ocrx_word' id='word_1_4' title='bbox 1041 104 1222 138; x_wconf 84' lang='lat' dir='ltr'><em>CICERO.</em></span> <span class='ocrx_word' id='word_1_5' title='bbox 1434 105 1516 137; x_wconf 88' lang='lat' dir='ltr'><strong>Sect.</strong></span> <span class='ocrx_word' id='word_1_6' title='bbox 1541 103 1583 137; x_wconf 88' lang='lat' dir='ltr'><strong>V.</strong></span> 
     </span>
    </p>
   </div>
   <div class='ocr_carea' id='block_1_2' title="bbox 228 205 1644 2450">
    <p class='ocr_par' dir='ltr' id='par_1_2' title="bbox 235 205 1644 1444">
     <span class='ocr_line' id='line_1_2' title="bbox 240 205 1583 264; baseline -0.007 -12"><span class='ocrx_word' id='word_1_7' title='bbox 240 214 505 264; x_wconf 86' lang='lat' dir='ltr'><strong>Opponebant</strong></span> <span class='ocrx_word' id='word_1_8' title='bbox 550 211 599 248; x_wconf 90' lang='lat' dir='ltr'><strong>illi</strong></span> <span class='ocrx_word' id='word_1_9' title='bbox 650 209 840 247; x_wconf 86' lang='lat' dir='ltr'><strong>interdum</strong></span> <span class='ocrx_word' id='word_1_10' title='bbox 890 220 1034 246; x_wconf 90' lang='lat' dir='ltr'><strong>nomen</strong></span> <span class='ocrx_word' id='word_1_11' title='bbox 1074 206 1274 254; x_wconf 80' lang='lat' dir='ltr'><strong>Africani3</strong></span> <span class='ocrx_word' id='word_1_12' title='bbox 1324 205 1474 244; x_wconf 91' lang='lat' dir='ltr'><strong>donum</strong></span> <span class='ocrx_word' id='word_1_13' title='bbox 1511 217 1583 256; x_wconf 89' lang='lat' dir='ltr'><strong>po-</strong></span> 
     </span>
     <span class='ocr_line' id='line_1_3' title="bbox 240 271 1642 330; baseline -0.006 -13"><span class='ocrx_word' id='word_1_14' title='bbox 240 280 317 330; x_wconf 91' lang='lat' dir='ltr'><strong>puli</strong></span> <span class='ocrx_word' id='word_1_15' title='bbox 350 279 518 316; x_wconf 84' lang='lat' dir='ltr'><strong>Romani</strong></span> <span class='ocrx_word' id='word_1_16' title='bbox 552 277 643 314; x_wconf 89' lang='lat' dir='ltr'><strong>illud</strong></span> <span class='ocrx_word' id='word_1_17' title='bbox 675 288 760 313; x_wconf 91' lang='lat' dir='ltr'><strong>esse</strong></span> <span class='ocrx_word' id='word_1_18' title='bbox 792 275 996 321; x_wconf 85' lang='lat' dir='ltr'><strong>dicebant;</strong></span> <span class='ocrx_word' id='word_1_19' title='bbox 1038 273 1131 311; x_wconf 84' lang='lat' dir='ltr'><strong>nihil</strong></span> <span class='ocrx_word' id='word_1_20' title='bbox 1161 284 1203 311; x_wconf 89' lang='lat' dir='ltr'><strong>se</strong></span> <span class='ocrx_word' id='word_1_21' title='bbox 1230 273 1270 310; x_wconf 93' lang='lat' dir='ltr'><strong>in</strong></span> <span class='ocrx_word' id='word_1_22' title='bbox 1303 283 1351 310; x_wconf 91' lang='lat' dir='ltr'><strong>eo</strong></span> <span class='ocrx_word' id='word_1_23' title='bbox 1379 271 1582 322; x_wconf 89' lang='lat' dir='ltr'><strong>potestatis</strong></span> <span class='ocrx_word' id='word_1_24' title='bbox 1603 287 1642 320; x_wconf 75' lang='lat'><strong>55</strong></span> 
     </span>
     <span class='ocr_line' id='line_1_4' title="bbox 237 338 1584 395; baseline -0.005 -12"><span class='ocrx_word' id='word_1_25' title='bbox 237 346 392 390; x_wconf 84' lang='lat' dir='ltr'><strong>habere,</strong></span> <span class='ocrx_word' id='word_1_26' title='bbox 415 343 522 395; x_wconf 90' lang='lat' dir='ltr'><strong>quod</strong></span> <span class='ocrx_word' id='word_1_27' title='bbox 543 344 751 393; x_wconf 90' lang='lat' dir='ltr'><strong>imperator</strong></span> <span class='ocrx_word' id='word_1_28' title='bbox 779 341 1023 385; x_wconf 87' lang='lat' dir='ltr'><strong>clarissimus,</strong></span> <span class='ocrx_word' id='word_1_29' title='bbox 1045 340 1139 377; x_wconf 92' lang='lat' dir='ltr'><strong>urbe</strong></span> <span class='ocrx_word' id='word_1_30' title='bbox 1160 338 1332 377; x_wconf 89' lang='lat' dir='ltr'><strong>hostium</strong></span> <span class='ocrx_word' id='word_1_31' title='bbox 1353 343 1478 388; x_wconf 89' lang='lat' dir='ltr'><strong>capta,</strong></span> <span class='ocrx_word' id='word_1_32' title='bbox 1498 349 1584 376; x_wconf 90' lang='lat' dir='ltr'><strong>mo-</strong></span> 
     </span>
     <span class='ocr_line' id='line_1_5' title="bbox 238 403 1583 458; baseline -0.006 -9"><span class='ocrx_word' id='word_1_33' title='bbox 238 419 467 449; x_wconf 84' lang='lat' dir='ltr'>numentum</span> <span class='ocrx_word' id='word_1_34' title='bbox 498 410 678 448; x_wconf 83' lang='lat' dir='ltr'><strong>victoriae</strong></span> <span class='ocrx_word' id='word_1_35' title='bbox 714 408 849 458; x_wconf 91' lang='lat' dir='ltr'><strong>populi</strong></span> <span class='ocrx_word' id='word_1_36' title='bbox 879 406 1050 444; x_wconf 86' lang='lat' dir='ltr'><strong>Romani</strong></span> <span class='ocrx_word' id='word_1_37' title='bbox 1081 417 1166 444; x_wconf 89' lang='lat' dir='ltr'><strong>esse</strong></span> <span class='ocrx_word' id='word_1_38' title='bbox 1197 404 1390 442; x_wconf 86' lang='lat' dir='ltr'><strong>voluisset.</strong></span> <span class='ocrx_word' id='word_1_39' title='bbox 1448 403 1583 450; x_wconf 92' lang='lat' dir='ltr'><strong>Quum</strong></span> 
     </span>
     <span class='ocr_line' id='line_1_6' title="bbox 237 469 1584 524; baseline -0.007 -8"><span class='ocrx_word' id='word_1_40' title='bbox 237 480 305 516; x_wconf 88' lang='lat' dir='ltr'><strong>iste</strong></span> <span class='ocrx_word' id='word_1_41' title='bbox 333 477 453 515; x_wconf 85' lang='lat' dir='ltr'>nihilo</span> <span class='ocrx_word' id='word_1_42' title='bbox 480 476 678 514; x_wconf 83' lang='lat' dir='ltr'><strong>remissius</strong></span> <span class='ocrx_word' id='word_1_43' title='bbox 705 482 820 524; x_wconf 86' lang='lat' dir='ltr'><strong>atque</strong></span> <span class='ocrx_word' id='word_1_44' title='bbox 846 473 962 511; x_wconf 87' lang='lat' dir='ltr'><strong>etiam</strong></span> <span class='ocrx_word' id='word_1_45' title='bbox 989 472 1112 509; x_wconf 91' lang='lat' dir='ltr'><strong>multo</strong></span> <span class='ocrx_word' id='word_1_46' title='bbox 1132 470 1398 509; x_wconf 89' lang='lat' dir='ltr'><strong>vehementius</strong></span> <span class='ocrx_word' id='word_1_47' title='bbox 1427 469 1584 508; x_wconf 86' lang='lat' dir='ltr'>instaret</span> 
     </span>
     <span class='ocr_line' id='line_1_7' title="bbox 237 536 1583 594; baseline -0.006 -12"><span class='ocrx_word' id='word_1_48' title='bbox 237 544 420 594; x_wconf 83' lang='lat' dir='ltr'>quotidie,</span> <span class='ocrx_word' id='word_1_49' title='bbox 461 554 521 580; x_wconf 92' lang='lat' dir='ltr'><strong>res</strong></span> <span class='ocrx_word' id='word_1_50' title='bbox 561 542 686 591; x_wconf 87' lang='lat' dir='ltr'><strong>agitur</strong></span> <span class='ocrx_word' id='word_1_51' title='bbox 725 541 763 577; x_wconf 93' lang='lat' dir='ltr'><strong>in</strong></span> <span class='ocrx_word' id='word_1_52' title='bbox 803 547 950 578; x_wconf 88' lang='lat' dir='ltr'><strong>senatu.</strong></span> <span class='ocrx_word' id='word_1_53' title='bbox 1010 537 1273 576; x_wconf 86' lang='lat' dir='ltr'><strong>Vehementer</strong></span> <span class='ocrx_word' id='word_1_54' title='bbox 1304 536 1355 574; x_wconf 87' lang='lat' dir='ltr'><strong>ab</strong></span> <span class='ocrx_word' id='word_1_55' title='bbox 1401 536 1583 574; x_wconf 88' lang='lat' dir='ltr'><strong>omnibus</strong></span> 
     </span>
     <span class='ocr_line' id='line_1_8' title="bbox 238 602 1644 657; baseline -0.005 -9"><span class='ocrx_word' id='word_1_56' title='bbox 238 611 476 648; x_wconf 81' lang='lat' dir='ltr'><strong>reclamatur.</strong></span> <span class='ocrx_word' id='word_1_57' title='bbox 536 608 671 657; x_wconf 82' lang='lat' dir='ltr'><strong>Itaque</strong></span> <span class='ocrx_word' id='word_1_58' title='bbox 710 606 773 644; x_wconf 92' lang='lat' dir='ltr'><strong>illo</strong></span> <span class='ocrx_word' id='word_1_59' title='bbox 813 613 988 655; x_wconf 89' lang='lat' dir='ltr'><strong>tempore</strong></span> <span class='ocrx_word' id='word_1_60' title='bbox 1028 616 1072 642; x_wconf 90' lang='lat' dir='ltr'><strong>ac</strong></span> <span class='ocrx_word' id='word_1_61' title='bbox 1112 604 1239 654; x_wconf 91' lang='lat' dir='ltr'><strong>primo</strong></span> <span class='ocrx_word' id='word_1_62' title='bbox 1278 603 1385 642; x_wconf 89' lang='lat' dir='ltr'><strong>istius</strong></span> <span class='ocrx_word' id='word_1_63' title='bbox 1413 602 1581 641; x_wconf 86' lang='lat' dir='ltr'><strong>adventu</strong></span> <span class='ocrx_word' id='word_1_64' title='bbox 1601 614 1644 647; x_wconf 87' lang='lat'><strong>60</strong></span> 
     </span>
     <span class='ocr_line' id='line_1_9' title="bbox 238 669 1581 727; baseline -0.007 -12"><span class='ocrx_word' id='word_1_65' title='bbox 238 684 480 727; x_wconf 84' lang='lat' dir='ltr'><strong>pernegatur.</strong></span> <span class='ocrx_word' id='word_1_66' title='bbox 539 674 690 718; x_wconf 79' lang='lat' dir='ltr'><strong>Postea,</strong></span> <span class='ocrx_word' id='word_1_67' title='bbox 713 672 902 723; x_wconf 90' lang='lat' dir='ltr'><strong>quidquid</strong></span> <span class='ocrx_word' id='word_1_68' title='bbox 933 678 1013 709; x_wconf 88' lang='lat' dir='ltr'><strong>erat</strong></span> <span class='ocrx_word' id='word_1_69' title='bbox 1042 670 1172 708; x_wconf 89' lang='lat' dir='ltr'><strong>oneris</strong></span> <span class='ocrx_word' id='word_1_70' title='bbox 1201 670 1241 707; x_wconf 89' lang='lat' dir='ltr'><strong>in</strong></span> <span class='ocrx_word' id='word_1_71' title='bbox 1271 669 1397 707; x_wconf 86' lang='lat' dir='ltr'><strong>nautis</strong></span> <span class='ocrx_word' id='word_1_72' title='bbox 1427 669 1581 719; x_wconf 87' lang='lat' dir='ltr'><strong>remigi-</strong></span> 
     </span>
     <span class='ocr_line' id='line_1_10' title="bbox 237 735 1583 792; baseline -0.006 -11"><span class='ocrx_word' id='word_1_73' title='bbox 237 745 387 792; x_wconf 84' lang='lat' dir='ltr'><strong>busque</strong></span> <span class='ocrx_word' id='word_1_74' title='bbox 410 740 623 790; x_wconf 80' lang='lat' dir='ltr'><strong>exigendis,</strong></span> <span class='ocrx_word' id='word_1_75' title='bbox 646 740 684 777; x_wconf 91' lang='lat' dir='ltr'><strong>in</strong></span> <span class='ocrx_word' id='word_1_76' title='bbox 706 739 901 777; x_wconf 87' lang='lat' dir='ltr'><strong>frumento</strong></span> <span class='ocrx_word' id='word_1_77' title='bbox 924 737 1165 788; x_wconf 88' lang='lat' dir='ltr'><strong>imperando,</strong></span> <span class='ocrx_word' id='word_1_78' title='bbox 1189 735 1412 786; x_wconf 89' lang='lat' dir='ltr'><strong>Segestanis</strong></span> <span class='ocrx_word' id='word_1_79' title='bbox 1433 742 1583 786; x_wconf 90' lang='lat' dir='ltr'><strong>praeter</strong></span> 
     </span>
     <span class='ocr_line' id='line_1_11' title="bbox 237 801 1582 858; baseline -0.005 -10"><span class='ocrx_word' id='word_1_80' title='bbox 237 818 386 848; x_wconf 88' lang='lat' dir='ltr'><strong>ceteros</strong></span> <span class='ocrx_word' id='word_1_81' title='bbox 418 807 644 858; x_wconf 73' lang='lat' dir='ltr'><strong>imponebat</strong></span> <span class='ocrx_word' id='word_1_82' title='bbox 683 806 879 855; x_wconf 88' lang='lat' dir='ltr'><strong>aliquanto</strong></span> <span class='ocrx_word' id='word_1_83' title='bbox 910 804 1086 854; x_wconf 88' lang='lat' dir='ltr'><strong>amplius,</strong></span> <span class='ocrx_word' id='word_1_84' title='bbox 1116 815 1235 853; x_wconf 90' lang='lat' dir='ltr'><strong>quam</strong></span> <span class='ocrx_word' id='word_1_85' title='bbox 1274 801 1371 840; x_wconf 89' lang='lat' dir='ltr'><strong>ferre</strong></span> <span class='ocrx_word' id='word_1_86' title='bbox 1410 809 1582 853; x_wconf 89' lang='lat' dir='ltr'><strong>possent.</strong></span> 
     </span>
     <span class='ocr_line' id='line_1_12' title="bbox 236 869 1582 923; baseline -0.006 -9"><span class='ocrx_word' id='word_1_87' title='bbox 236 877 440 914; x_wconf 87' lang='lat' dir='ltr'><strong>Praeterea</strong></span> <span class='ocrx_word' id='word_1_88' title='bbox 477 874 725 923; x_wconf 81' lang='lat' dir='ltr'><strong>magistratus</strong></span> <span class='ocrx_word' id='word_1_89' title='bbox 756 883 890 910; x_wconf 92' lang='lat' dir='ltr'><strong>eorum</strong></span> <span class='ocrx_word' id='word_1_90' title='bbox 926 870 1136 908; x_wconf 83' lang='lat' dir='ltr'><strong>evocabat:</strong></span> <span class='ocrx_word' id='word_1_91' title='bbox 1165 869 1357 918; x_wconf 89' lang='lat' dir='ltr'><strong>optimum</strong></span> <span class='ocrx_word' id='word_1_92' title='bbox 1386 880 1582 919; x_wconf 90' lang='lat' dir='ltr'><strong>quemque</strong></span> 
     </span>
     <span class='ocr_line' id='line_1_13' title="bbox 237 935 1642 985; baseline -0.008 -5"><span class='ocrx_word' id='word_1_93' title='bbox 237 951 274 980; x_wconf 93' lang='lat' dir='ltr'><strong>et</strong></span> <span class='ocrx_word' id='word_1_94' title='bbox 301 941 586 979; x_wconf 88' lang='lat' dir='ltr'><strong>nobilissimum</strong></span> <span class='ocrx_word' id='word_1_95' title='bbox 614 939 663 977; x_wconf 85' lang='lat' dir='ltr'><strong>ad</strong></span> <span class='ocrx_word' id='word_1_96' title='bbox 691 950 732 976; x_wconf 91' lang='lat' dir='ltr'><strong>se</strong></span> <span class='ocrx_word' id='word_1_97' title='bbox 767 937 1011 975; x_wconf 85' lang='lat' dir='ltr'><strong>arcessebat:</strong></span> <span class='ocrx_word' id='word_1_98' title='bbox 1043 936 1188 974; x_wconf 91' lang='lat' dir='ltr'><strong>circum</strong></span> <span class='ocrx_word' id='word_1_99' title='bbox 1209 935 1341 973; x_wconf 87' lang='lat' dir='ltr'><strong>omnia</strong></span> <span class='ocrx_word' id='word_1_100' title='bbox 1360 935 1581 985; x_wconf 91' lang='lat' dir='ltr'><strong>provinciae</strong></span> <span class='ocrx_word' id='word_1_101' title='bbox 1601 937 1642 979; x_wconf 88' lang='lat'><strong>65</strong></span> 
     </span>
     <span class='ocr_line' id='line_1_14' title="bbox 239 1000 1581 1058; baseline -0.005 -12"><span class='ocrx_word' id='word_1_102' title='bbox 239 1009 321 1046; x_wconf 86' lang='lat' dir='ltr'><strong>sora</strong></span> <span class='ocrx_word' id='word_1_103' title='bbox 353 1007 548 1058; x_wconf 89' lang='lat' dir='ltr'><strong>rapiebat:</strong></span> <span class='ocrx_word' id='word_1_104' title='bbox 580 1005 800 1054; x_wconf 81' lang='lat' dir='ltr'><strong>singillatim</strong></span> <span class='ocrx_word' id='word_1_105' title='bbox 830 1003 897 1041; x_wconf 90' lang='lat' dir='ltr'><strong>uni</strong></span> <span class='ocrx_word' id='word_1_106' title='bbox 927 1003 1066 1053; x_wconf 91' lang='lat' dir='ltr'><strong>cuique</strong></span> <span class='ocrx_word' id='word_1_107' title='bbox 1097 1001 1302 1039; x_wconf 84' lang='lat' dir='ltr'><strong>calamitati</strong></span> <span class='ocrx_word' id='word_1_108' title='bbox 1331 1000 1414 1039; x_wconf 90' lang='lat' dir='ltr'><strong>fore</strong></span> <span class='ocrx_word' id='word_1_109' title='bbox 1444 1012 1485 1038; x_wconf 90' lang='lat' dir='ltr'><strong>se</strong></span> <span class='ocrx_word' id='word_1_110' title='bbox 1515 1001 1581 1040; x_wconf 92' lang='lat' dir='ltr'><strong>de-</strong></span> 
     </span>
     <span class='ocr_line' id='line_1_15' title="bbox 236 1066 1582 1112; baseline -0.007 0"><span class='ocrx_word' id='word_1_111' title='bbox 236 1075 459 1112; x_wconf 87' lang='lat' dir='ltr'><strong>nuntiabat:</strong></span> <span class='ocrx_word' id='word_1_112' title='bbox 490 1072 709 1111; x_wconf 85' lang='lat' dir='ltr'><strong>universam</strong></span> <span class='ocrx_word' id='word_1_113' title='bbox 740 1082 781 1108; x_wconf 91' lang='lat' dir='ltr'><strong>se</strong></span> <span class='ocrx_word' id='word_1_114' title='bbox 807 1069 978 1108; x_wconf 87' lang='lat' dir='ltr'><strong>funditus</strong></span> <span class='ocrx_word' id='word_1_115' title='bbox 1005 1068 1108 1105; x_wconf 87' lang='lat' dir='ltr'><strong>illam</strong></span> <span class='ocrx_word' id='word_1_116' title='bbox 1136 1079 1358 1105; x_wconf 83' lang='lat' dir='ltr'><strong>eversurum</strong></span> <span class='ocrx_word' id='word_1_117' title='bbox 1384 1079 1469 1105; x_wconf 88' lang='lat' dir='ltr'><strong>esse</strong></span> <span class='ocrx_word' id='word_1_118' title='bbox 1494 1066 1582 1105; x_wconf 82' lang='lat' dir='ltr'><strong>civi-</strong></span> 
     </span>
     <span class='ocr_line' id='line_1_16' title="bbox 236 1133 1582 1188; baseline -0.006 -8"><span class='ocrx_word' id='word_1_119' title='bbox 236 1148 352 1179; x_wconf 89' lang='lat' dir='ltr'><strong>tatem</strong></span> <span class='ocrx_word' id='word_1_120' title='bbox 373 1141 602 1178; x_wconf 85' lang='lat' dir='ltr'><strong>minabatur.</strong></span> <span class='ocrx_word' id='word_1_121' title='bbox 661 1138 797 1188; x_wconf 89' lang='lat' dir='ltr'><strong>Itaque</strong></span> <span class='ocrx_word' id='word_1_122' title='bbox 827 1135 1037 1186; x_wconf 89' lang='lat' dir='ltr'><strong>aliquando</strong></span> <span class='ocrx_word' id='word_1_123' title='bbox 1062 1133 1192 1172; x_wconf 90' lang='lat' dir='ltr'><strong>multis</strong></span> <span class='ocrx_word' id='word_1_124' title='bbox 1218 1133 1330 1172; x_wconf 86' lang='lat' dir='ltr'><strong>malis</strong></span> <span class='ocrx_word' id='word_1_125' title='bbox 1356 1145 1582 1184; x_wconf 85' lang='lat' dir='ltr'><strong>magnoque</strong></span> 
     </span>
     <span class='ocr_line' id='line_1_17' title="bbox 235 1199 1581 1255; baseline -0.006 -10"><span class='ocrx_word' id='word_1_126' title='bbox 235 1215 341 1246; x_wconf 89' lang='lat' dir='ltr'><strong>metu</strong></span> <span class='ocrx_word' id='word_1_127' title='bbox 361 1207 447 1245; x_wconf 91' lang='lat' dir='ltr'><strong>victi</strong></span> <span class='ocrx_word' id='word_1_128' title='bbox 470 1205 673 1255; x_wconf 88' lang='lat' dir='ltr'><strong>Segestani</strong></span> <span class='ocrx_word' id='word_1_129' title='bbox 693 1203 882 1254; x_wconf 90' lang='lat' dir='ltr'><strong>praetoris</strong></span> <span class='ocrx_word' id='word_1_130' title='bbox 903 1201 1066 1252; x_wconf 91' lang='lat' dir='ltr'><strong>imperio</strong></span> <span class='ocrx_word' id='word_1_131' title='bbox 1087 1199 1305 1251; x_wconf 91' lang='lat' dir='ltr'><strong>parendum</strong></span> <span class='ocrx_word' id='word_1_132' title='bbox 1333 1211 1419 1238; x_wconf 89' lang='lat' dir='ltr'><strong>esse</strong></span> <span class='ocrx_word' id='word_1_133' title='bbox 1449 1199 1581 1238; x_wconf 92' lang='lat' dir='ltr'><strong>decre-</strong></span> 
     </span>
     <span class='ocr_line' id='line_1_18' title="bbox 236 1265 1643 1322; baseline -0.009 -10"><span class='ocrx_word' id='word_1_134' title='bbox 236 1282 394 1312; x_wconf 80' lang='lat' dir='ltr'><strong>verunt:</strong></span> <span class='ocrx_word' id='word_1_135' title='bbox 423 1284 570 1322; x_wconf 88' lang='lat' dir='ltr'><strong>magno</strong></span> <span class='ocrx_word' id='word_1_136' title='bbox 600 1283 690 1310; x_wconf 91' lang='lat' dir='ltr'><strong>cum</strong></span> <span class='ocrx_word' id='word_1_137' title='bbox 729 1270 834 1308; x_wconf 93' lang='lat' dir='ltr'><strong>luctu</strong></span> <span class='ocrx_word' id='word_1_138' title='bbox 863 1275 900 1307; x_wconf 92' lang='lat' dir='ltr'><strong>et</strong></span> <span class='ocrx_word' id='word_1_139' title='bbox 929 1268 1075 1318; x_wconf 90' lang='lat' dir='ltr'><strong>gemitu</strong></span> <span class='ocrx_word' id='word_1_140' title='bbox 1104 1266 1222 1304; x_wconf 91' lang='lat' dir='ltr'><strong>totius</strong></span> <span class='ocrx_word' id='word_1_141' title='bbox 1252 1265 1423 1312; x_wconf 88' lang='lat' dir='ltr'><strong>civitatis,</strong></span> <span class='ocrx_word' id='word_1_142' title='bbox 1452 1266 1580 1305; x_wconf 87' lang='lat' dir='ltr'><strong>multis</strong></span> <span class='ocrx_word' id='word_1_143' title='bbox 1601 1275 1643 1310; x_wconf 83' lang='lat'><strong>70</strong></span> 
     </span>
     <span class='ocr_line' id='line_1_19' title="bbox 235 1331 1580 1382; baseline -0.007 -3"><span class='ocrx_word' id='word_1_144' title='bbox 235 1353 325 1379; x_wconf 91' lang='lat' dir='ltr'><strong>cum</strong></span> <span class='ocrx_word' id='word_1_145' title='bbox 355 1339 519 1378; x_wconf 87' lang='lat' dir='ltr'><strong>lacrimis</strong></span> <span class='ocrx_word' id='word_1_146' title='bbox 550 1345 586 1375; x_wconf 91' lang='lat' dir='ltr'><strong>et</strong></span> <span class='ocrx_word' id='word_1_147' title='bbox 615 1335 956 1375; x_wconf 82' lang='lat' dir='ltr'><strong>lamentationibus</strong></span> <span class='ocrx_word' id='word_1_148' title='bbox 983 1334 1152 1372; x_wconf 89' lang='lat' dir='ltr'><strong>virorum</strong></span> <span class='ocrx_word' id='word_1_149' title='bbox 1181 1331 1465 1382; x_wconf 87' lang='lat' dir='ltr'><strong>mulierumque</strong></span> <span class='ocrx_word' id='word_1_150' title='bbox 1494 1343 1580 1371; x_wconf 90' lang='lat' dir='ltr'><strong>om-</strong></span> 
     </span>
     <span class='ocr_line' id='line_1_20' title="bbox 235 1399 1196 1444; baseline -0.009 1"><span class='ocrx_word' id='word_1_151' title='bbox 235 1408 342 1444; x_wconf 91' lang='lat' dir='ltr'><strong>nium</strong></span> <span class='ocrx_word' id='word_1_152' title='bbox 365 1405 611 1444; x_wconf 88' lang='lat' dir='ltr'><strong>simulacrum</strong></span> <span class='ocrx_word' id='word_1_153' title='bbox 632 1403 783 1441; x_wconf 88' lang='lat' dir='ltr'><strong>Dianae</strong></span> <span class='ocrx_word' id='word_1_154' title='bbox 802 1401 1017 1440; x_wconf 90' lang='lat' dir='ltr'><strong>tollendum</strong></span> <span class='ocrx_word' id='word_1_155' title='bbox 1037 1399 1196 1437; x_wconf 89' lang='lat' dir='ltr'><strong>locatur.</strong></span> 
     </span>
    </p>

    <p class='ocr_par' dir='ltr' id='par_1_3' title="bbox 228 1463 1638 2450">
     <span class='ocr_line' id='line_1_21' title="bbox 292 1463 1580 1522; baseline -0.004 -14"><span class='ocrx_word' id='word_1_156' title='bbox 292 1487 325 1522; x_wconf 85' lang='lat'><strong>3.</strong></span> <span class='ocrx_word' id='word_1_157' title='bbox 357 1471 496 1510; x_wconf 84' lang='lat' dir='ltr'><strong>Videte</strong></span> <span class='ocrx_word' id='word_1_158' title='bbox 526 1477 672 1520; x_wconf 85' lang='lat' dir='ltr'><strong>quanta</strong></span> <span class='ocrx_word' id='word_1_159' title='bbox 701 1468 834 1518; x_wconf 85' lang='lat' dir='ltr'><strong>religio</strong></span> <span class='ocrx_word' id='word_1_160' title='bbox 865 1466 977 1504; x_wconf 88' lang='lat' dir='ltr'><strong>fuerit</strong></span> <span class='ocrx_word' id='word_1_161' title='bbox 1011 1465 1116 1515; x_wconf 92' lang='lat' dir='ltr'><strong>apud</strong></span> <span class='ocrx_word' id='word_1_162' title='bbox 1147 1463 1408 1515; x_wconf 88' lang='lat' dir='ltr'><strong>Segestanos:</strong></span> <span class='ocrx_word' id='word_1_163' title='bbox 1451 1477 1580 1516; x_wconf 91' lang='lat' dir='ltr'><strong>reper-</strong></span> 
     </span>
     <span class='ocr_line' id='line_1_22' title="bbox 234 1530 1580 1583; baseline -0.005 -6"><span class='ocrx_word' id='word_1_164' title='bbox 234 1548 315 1577; x_wconf 91' lang='lat' dir='ltr'><strong>tum</strong></span> <span class='ocrx_word' id='word_1_165' title='bbox 355 1551 452 1583; x_wconf 86' lang='lat' dir='ltr'><strong>esse,</strong></span> <span class='ocrx_word' id='word_1_166' title='bbox 483 1537 639 1580; x_wconf 90' lang='lat' dir='ltr'><strong>iudices,</strong></span> <span class='ocrx_word' id='word_1_167' title='bbox 671 1535 806 1574; x_wconf 90' lang='lat' dir='ltr'><strong>scitote</strong></span> <span class='ocrx_word' id='word_1_168' title='bbox 846 1532 1054 1578; x_wconf 90' lang='lat' dir='ltr'><strong>neminem,</strong></span> <span class='ocrx_word' id='word_1_169' title='bbox 1085 1542 1212 1581; x_wconf 90' lang='lat' dir='ltr'><strong>neque</strong></span> <span class='ocrx_word' id='word_1_170' title='bbox 1250 1530 1414 1569; x_wconf 86' lang='lat' dir='ltr'><strong>liberum</strong></span> <span class='ocrx_word' id='word_1_171' title='bbox 1452 1542 1580 1582; x_wconf 91' lang='lat' dir='ltr'><strong>neque</strong></span> 
     </span>
     <span class='ocr_line' id='line_1_23' title="bbox 234 1596 1638 1654; baseline -0.008 -10"><span class='ocrx_word' id='word_1_172' title='bbox 234 1618 396 1651; x_wconf 72' lang='lat' dir='ltr'><strong>servum,</strong></span> <span class='ocrx_word' id='word_1_173' title='bbox 428 1616 554 1654; x_wconf 91' lang='lat' dir='ltr'><strong>neque</strong></span> <span class='ocrx_word' id='word_1_174' title='bbox 594 1602 718 1640; x_wconf 78' lang='lat' dir='ltr'><strong>civem</strong></span> <span class='ocrx_word' id='word_1_175' title='bbox 747 1611 875 1650; x_wconf 89' lang='lat' dir='ltr'><strong>neque</strong></span> <span class='ocrx_word' id='word_1_176' title='bbox 915 1598 1174 1649; x_wconf 87' lang='lat' dir='ltr'><strong>peregrinum,</strong></span> <span class='ocrx_word' id='word_1_177' title='bbox 1206 1596 1272 1647; x_wconf 87' lang='lat' dir='ltr'><strong>qui</strong></span> <span class='ocrx_word' id='word_1_178' title='bbox 1301 1596 1394 1635; x_wconf 89' lang='lat' dir='ltr'><strong>illud</strong></span> <span class='ocrx_word' id='word_1_179' title='bbox 1424 1597 1579 1646; x_wconf 89' lang='lat' dir='ltr'><strong>signum</strong></span> <span class='ocrx_word' id='word_1_180' title='bbox 1599 1613 1638 1646; x_wconf 86' lang='lat'><strong>75</strong></span> 
     </span>
     <span class='ocr_line' id='line_1_24' title="bbox 233 1661 1577 1719; baseline -0.007 -9"><span class='ocrx_word' id='word_1_181' title='bbox 233 1672 391 1710; x_wconf 89' lang='lat' dir='ltr'><strong>auderet</strong></span> <span class='ocrx_word' id='word_1_182' title='bbox 420 1671 615 1719; x_wconf 88' lang='lat' dir='ltr'><strong>attingere.</strong></span> <span class='ocrx_word' id='word_1_183' title='bbox 676 1667 870 1705; x_wconf 88' lang='lat' dir='ltr'><strong>Barbaros</strong></span> <span class='ocrx_word' id='word_1_184' title='bbox 899 1664 1093 1714; x_wconf 89' lang='lat' dir='ltr'><strong>quosdam</strong></span> <span class='ocrx_word' id='word_1_185' title='bbox 1121 1661 1309 1712; x_wconf 82' lang='lat' dir='ltr'><strong>Lilybaeo</strong></span> <span class='ocrx_word' id='word_1_186' title='bbox 1344 1663 1481 1701; x_wconf 91' lang='lat' dir='ltr'><strong>scitote</strong></span> <span class='ocrx_word' id='word_1_187' title='bbox 1509 1664 1577 1702; x_wconf 90' lang='lat' dir='ltr'><strong>ad-</strong></span> 
     </span>
     <span class='ocr_line' id='line_1_25' title="bbox 233 1729 1578 1785; baseline -0.006 -9"><span class='ocrx_word' id='word_1_188' title='bbox 233 1738 371 1776; x_wconf 90' lang='lat' dir='ltr'><strong>ductos</strong></span> <span class='ocrx_word' id='word_1_189' title='bbox 398 1748 483 1775; x_wconf 91' lang='lat' dir='ltr'><strong>esse</strong></span> <span class='ocrx_word' id='word_1_190' title='bbox 504 1735 724 1785; x_wconf 87' lang='lat' dir='ltr'><strong>operarios:</strong></span> <span class='ocrx_word' id='word_1_191' title='bbox 754 1732 793 1769; x_wconf 93' lang='lat' dir='ltr'><strong>hi</strong></span> <span class='ocrx_word' id='word_1_192' title='bbox 814 1731 982 1780; x_wconf 91' lang='lat' dir='ltr'><strong>denique</strong></span> <span class='ocrx_word' id='word_1_193' title='bbox 1006 1729 1112 1776; x_wconf 89' lang='lat' dir='ltr'><strong>illud,</strong></span> <span class='ocrx_word' id='word_1_194' title='bbox 1132 1729 1255 1779; x_wconf 88' lang='lat' dir='ltr'><strong>ignari</strong></span> <span class='ocrx_word' id='word_1_195' title='bbox 1285 1729 1402 1767; x_wconf 88' lang='lat' dir='ltr'><strong>totius</strong></span> <span class='ocrx_word' id='word_1_196' title='bbox 1432 1730 1578 1780; x_wconf 90' lang='lat' dir='ltr'><strong>negotii</strong></span> 
     </span>
     <span class='ocr_line' id='line_1_26' title="bbox 231 1794 1577 1853; baseline -0.006 -10"><span class='ocrx_word' id='word_1_197' title='bbox 231 1817 276 1843; x_wconf 88' lang='lat' dir='ltr'><strong>ac</strong></span> <span class='ocrx_word' id='word_1_198' title='bbox 305 1803 515 1853; x_wconf 89' lang='lat' dir='ltr'><strong>religionis,</strong></span> <span class='ocrx_word' id='word_1_199' title='bbox 535 1799 715 1839; x_wconf 90' lang='lat' dir='ltr'><strong>mercede</strong></span> <span class='ocrx_word' id='word_1_200' title='bbox 739 1805 910 1847; x_wconf 86' lang='lat' dir='ltr'><strong>accepta,</strong></span> <span class='ocrx_word' id='word_1_201' title='bbox 930 1796 1175 1836; x_wconf 90' lang='lat' dir='ltr'><strong>sustulerunt.</strong></span> <span class='ocrx_word' id='word_1_202' title='bbox 1232 1794 1355 1842; x_wconf 92' lang='lat' dir='ltr'><strong>Quod</strong></span> <span class='ocrx_word' id='word_1_203' title='bbox 1380 1807 1502 1845; x_wconf 89' lang='lat' dir='ltr'><strong>quum</strong></span> <span class='ocrx_word' id='word_1_204' title='bbox 1527 1808 1577 1835; x_wconf 86' lang='lat' dir='ltr'><strong>ex</strong></span> 
     </span>
     <span class='ocr_line' id='line_1_27' title="bbox 231 1860 1576 1921; baseline -0.007 -12"><span class='ocrx_word' id='word_1_205' title='bbox 231 1870 380 1921; x_wconf 91' lang='lat' dir='ltr'><strong>oppido</strong></span> <span class='ocrx_word' id='word_1_206' title='bbox 401 1874 679 1919; x_wconf 84' lang='lat' dir='ltr'><strong>exportaretur,</strong></span> <span class='ocrx_word' id='word_1_207' title='bbox 701 1877 818 1916; x_wconf 90' lang='lat' dir='ltr'><strong>quem</strong></span> <span class='ocrx_word' id='word_1_208' title='bbox 839 1869 1075 1902; x_wconf 90' lang='lat' dir='ltr'><strong>conventum</strong></span> <span class='ocrx_word' id='word_1_209' title='bbox 1094 1861 1300 1899; x_wconf 91' lang='lat' dir='ltr'><strong>mulierum</strong></span> <span class='ocrx_word' id='word_1_210' title='bbox 1319 1860 1467 1899; x_wconf 85' lang='lat' dir='ltr'><strong>sactum</strong></span> <span class='ocrx_word' id='word_1_211' title='bbox 1490 1874 1576 1900; x_wconf 89' lang='lat' dir='ltr'><strong>esse</strong></span> 
     </span>
     <span class='ocr_line' id='line_1_28' title="bbox 231 1927 1637 1983; baseline -0.006 -9"><span class='ocrx_word' id='word_1_212' title='bbox 231 1935 492 1974; x_wconf 86' lang='lat' dir='ltr'><strong>arbitramini?</strong></span> <span class='ocrx_word' id='word_1_213' title='bbox 523 1946 641 1983; x_wconf 92' lang='lat' dir='ltr'><strong>quem</strong></span> <span class='ocrx_word' id='word_1_214' title='bbox 670 1932 804 1970; x_wconf 89' lang='lat' dir='ltr'><strong>fletum</strong></span> <span class='ocrx_word' id='word_1_215' title='bbox 833 1931 1026 1969; x_wconf 86' lang='lat' dir='ltr'><strong>maiorum</strong></span> <span class='ocrx_word' id='word_1_216' title='bbox 1054 1929 1174 1966; x_wconf 88' lang='lat' dir='ltr'><strong>natu?</strong></span> <span class='ocrx_word' id='word_1_217' title='bbox 1203 1939 1369 1977; x_wconf 86' lang='lat' dir='ltr'><strong>quorum</strong></span> <span class='ocrx_word' id='word_1_218' title='bbox 1398 1927 1576 1966; x_wconf 91' lang='lat' dir='ltr'><strong>nonnulli</strong></span> <span class='ocrx_word' id='word_1_219' title='bbox 1593 1933 1637 1966; x_wconf 86' lang='lat'><strong>80</strong></span> 
     </span>
     <span class='ocr_line' id='line_1_29' title="bbox 230 1993 1576 2044; baseline -0.006 -4"><span class='ocrx_word' id='word_1_220' title='bbox 230 2002 347 2040; x_wconf 87' lang='lat' dir='ltr'><strong>etiam</strong></span> <span class='ocrx_word' id='word_1_221' title='bbox 366 2001 472 2038; x_wconf 90' lang='lat' dir='ltr'><strong>illum</strong></span> <span class='ocrx_word' id='word_1_222' title='bbox 501 2000 603 2038; x_wconf 91' lang='lat' dir='ltr'><strong>diem</strong></span> <span class='ocrx_word' id='word_1_223' title='bbox 623 1998 814 2036; x_wconf 89' lang='lat' dir='ltr'><strong>memoria</strong></span> <span class='ocrx_word' id='word_1_224' title='bbox 839 1996 1035 2041; x_wconf 84' lang='lat' dir='ltr'><strong>tenebant,</strong></span> <span class='ocrx_word' id='word_1_225' title='bbox 1056 2006 1178 2044; x_wconf 89' lang='lat' dir='ltr'><strong>quum</strong></span> <span class='ocrx_word' id='word_1_226' title='bbox 1205 1993 1267 2031; x_wconf 89' lang='lat' dir='ltr'><strong>illa</strong></span> <span class='ocrx_word' id='word_1_227' title='bbox 1286 1993 1426 2031; x_wconf 88' lang='lat' dir='ltr'><strong>eadem</strong></span> <span class='ocrx_word' id='word_1_228' title='bbox 1445 1993 1576 2032; x_wconf 89' lang='lat' dir='ltr'><strong>Diana</strong></span> 
     </span>
     <span class='ocr_line' id='line_1_30' title="bbox 231 2059 1574 2119; baseline -0.007 -11"><span class='ocrx_word' id='word_1_229' title='bbox 231 2070 433 2119; x_wconf 87' lang='lat' dir='ltr'><strong>Segestam</strong></span> <span class='ocrx_word' id='word_1_230' title='bbox 463 2067 704 2115; x_wconf 84' lang='lat' dir='ltr'><strong>Karthagine</strong></span> <span class='ocrx_word' id='word_1_231' title='bbox 737 2069 890 2103; x_wconf 88' lang='lat' dir='ltr'><strong>revecta</strong></span> <span class='ocrx_word' id='word_1_232' title='bbox 922 2062 1121 2101; x_wconf 87' lang='lat' dir='ltr'><strong>victoriam</strong></span> <span class='ocrx_word' id='word_1_233' title='bbox 1149 2060 1285 2111; x_wconf 91' lang='lat' dir='ltr'><strong>populi</strong></span> <span class='ocrx_word' id='word_1_234' title='bbox 1314 2059 1486 2098; x_wconf 89' lang='lat' dir='ltr'><strong>Romani</strong></span> <span class='ocrx_word' id='word_1_235' title='bbox 1514 2073 1574 2099; x_wconf 90' lang='lat' dir='ltr'><strong>re-</strong></span> 
     </span>
     <span class='ocr_line' id='line_1_31' title="bbox 230 2126 1574 2178; baseline -0.005 -5"><span class='ocrx_word' id='word_1_236' title='bbox 230 2136 311 2173; x_wconf 91' lang='lat' dir='ltr'><strong>ditu</strong></span> <span class='ocrx_word' id='word_1_237' title='bbox 341 2145 411 2172; x_wconf 89' lang='lat' dir='ltr'><strong>suo</strong></span> <span class='ocrx_word' id='word_1_238' title='bbox 441 2133 666 2170; x_wconf 89' lang='lat' dir='ltr'><strong>nuntiasset.</strong></span> <span class='ocrx_word' id='word_1_239' title='bbox 724 2130 857 2177; x_wconf 85' lang='lat' dir='ltr'><strong>Quam</strong></span> <span class='ocrx_word' id='word_1_240' title='bbox 885 2128 1081 2167; x_wconf 89' lang='lat' dir='ltr'><strong>dissimilis</strong></span> <span class='ocrx_word' id='word_1_241' title='bbox 1117 2127 1181 2166; x_wconf 91' lang='lat' dir='ltr'><strong>hie</strong></span> <span class='ocrx_word' id='word_1_242' title='bbox 1210 2127 1293 2165; x_wconf 89' lang='lat' dir='ltr'><strong>dies</strong></span> <span class='ocrx_word' id='word_1_243' title='bbox 1327 2126 1378 2164; x_wconf 92' lang='lat' dir='ltr'><strong>illi</strong></span> <span class='ocrx_word' id='word_1_244' title='bbox 1405 2127 1574 2178; x_wconf 89' lang='lat' dir='ltr'><strong>tempori</strong></span> 
     </span>
     <span class='ocr_line' id='line_1_32' title="bbox 228 2192 1573 2247; baseline -0.006 -8"><span class='ocrx_word' id='word_1_245' title='bbox 228 2200 451 2239; x_wconf 83' lang='lat' dir='ltr'><strong>videbatur!</strong></span> <span class='ocrx_word' id='word_1_246' title='bbox 510 2197 617 2236; x_wconf 92' lang='lat' dir='ltr'><strong>Tum</strong></span> <span class='ocrx_word' id='word_1_247' title='bbox 646 2198 856 2247; x_wconf 88' lang='lat' dir='ltr'><strong>imperator</strong></span> <span class='ocrx_word' id='word_1_248' title='bbox 885 2194 1021 2245; x_wconf 91' lang='lat' dir='ltr'><strong>populi</strong></span> <span class='ocrx_word' id='word_1_249' title='bbox 1048 2193 1230 2238; x_wconf 87' lang='lat' dir='ltr'><strong>Romani,</strong></span> <span class='ocrx_word' id='word_1_250' title='bbox 1250 2193 1305 2230; x_wconf 92' lang='lat' dir='ltr'><strong>vir</strong></span> <span class='ocrx_word' id='word_1_251' title='bbox 1325 2192 1573 2240; x_wconf 89' lang='lat' dir='ltr'><strong>clarissimus,</strong></span> 
     </span>
     <span class='ocr_line' id='line_1_33' title="bbox 229 2259 1630 2314; baseline -0.007 -9"><span class='ocrx_word' id='word_1_252' title='bbox 229 2268 325 2306; x_wconf 88' lang='lat' dir='ltr'><strong>deos</strong></span> <span class='ocrx_word' id='word_1_253' title='bbox 364 2264 510 2314; x_wconf 91' lang='lat' dir='ltr'><strong>patrios</strong></span> <span class='ocrx_word' id='word_1_254' title='bbox 548 2264 770 2313; x_wconf 85' lang='lat' dir='ltr'><strong>reportabat</strong></span> <span class='ocrx_word' id='word_1_255' title='bbox 811 2261 1031 2311; x_wconf 87' lang='lat' dir='ltr'><strong>Segestanis</strong></span> <span class='ocrx_word' id='word_1_256' title='bbox 1061 2272 1109 2298; x_wconf 85' lang='lat' dir='ltr'><strong>ex</strong></span> <span class='ocrx_word' id='word_1_257' title='bbox 1137 2259 1233 2297; x_wconf 87' lang='lat' dir='ltr'><strong>urbe</strong></span> <span class='ocrx_word' id='word_1_258' title='bbox 1260 2259 1433 2297; x_wconf 88' lang='lat' dir='ltr'><strong>hostium</strong></span> <span class='ocrx_word' id='word_1_259' title='bbox 1462 2271 1570 2297; x_wconf 89' lang='lat' dir='ltr'><strong>recu·</strong></span> <span class='ocrx_word' id='word_1_260' title='bbox 1589 2265 1630 2305; x_wconf 85' lang='lat'><strong>85</strong></span> 
     </span>
     <span class='ocr_line' id='line_1_34' title="bbox 228 2325 1572 2384; baseline -0.006 -13"><span class='ocrx_word' id='word_1_261' title='bbox 228 2339 407 2384; x_wconf 87' lang='lat' dir='ltr'><strong>peratos:</strong></span> <span class='ocrx_word' id='word_1_262' title='bbox 454 2343 559 2368; x_wconf 89' lang='lat' dir='ltr'><strong>nunc</strong></span> <span class='ocrx_word' id='word_1_263' title='bbox 598 2342 645 2367; x_wconf 86' lang='lat' dir='ltr'><strong>cx</strong></span> <span class='ocrx_word' id='word_1_264' title='bbox 683 2330 778 2367; x_wconf 91' lang='lat' dir='ltr'><strong>urbe</strong></span> <span class='ocrx_word' id='word_1_265' title='bbox 817 2328 1014 2366; x_wconf 87' lang='lat' dir='ltr'><strong>sociorum</strong></span> <span class='ocrx_word' id='word_1_266' title='bbox 1053 2332 1206 2376; x_wconf 89' lang='lat' dir='ltr'><strong>praetor</strong></span> <span class='ocrx_word' id='word_1_267' title='bbox 1235 2325 1409 2364; x_wconf 88' lang='lat' dir='ltr'><strong>eiusdem</strong></span> <span class='ocrx_word' id='word_1_268' title='bbox 1438 2325 1572 2375; x_wconf 90' lang='lat' dir='ltr'><strong>populi</strong></span> 
     </span>
     <span class='ocr_line' id='line_1_35' title="bbox 229 2391 1570 2450; baseline -0.007 -12"><span class='ocrx_word' id='word_1_269' title='bbox 229 2398 471 2450; x_wconf 84' lang='lat' dir='ltr'><strong>turpissimus</strong></span> <span class='ocrx_word' id='word_1_270' title='bbox 505 2403 620 2447; x_wconf 86' lang='lat' dir='ltr'><strong>atque</strong></span> <span class='ocrx_word' id='word_1_271' title='bbox 653 2395 937 2445; x_wconf 87' lang='lat' dir='ltr'><strong>impurissimus</strong></span> <span class='ocrx_word' id='word_1_272' title='bbox 976 2393 1138 2431; x_wconf 90' lang='lat' dir='ltr'><strong>eosdem</strong></span> <span class='ocrx_word' id='word_1_273' title='bbox 1166 2391 1252 2430; x_wconf 93' lang='lat' dir='ltr'><strong>illos</strong></span> <span class='ocrx_word' id='word_1_274' title='bbox 1291 2391 1388 2430; x_wconf 87' lang='lat' dir='ltr'><strong>deos</strong></span> <span class='ocrx_word' id='word_1_275' title='bbox 1421 2391 1570 2430; x_wconf 83' lang='lat' dir='ltr'><strong>nefario</strong></span> 
     </span>
    </p>
   </div>
  </div>
 </body>
</html>
