1731 2620
222 111 301 166 258
559 117 808 150 EXTRACTS
839 116 978 148 FRoM
1007 115 1190 148 cremo.
1418 115 1501 147 sm.
1524 114 1566 146 v.

216 234 297 260 non
328 222 506 267 obscura,
537 221 783 259 sacerdotum
816 219 1042 258 testimonio
1073 217 1280 268 perspicua
1309 227 1395 255 esse
1426 214 1567 265 coepit.

217 288 298 326 Itur
337 289 374 325 in
406 287 638 325 consilium:
676 299 807 325 servus
839 286 899 323 ille
931 287 1123 324 innocens
1154 284 1337 322 omnibus
1367 281 1567 321 sententiis
1587 279 1628 320 85

216 355 438 400 absolvitur,
470 366 548 404 quo
591 354 737 392 facilius
775 365 844 391 vos
883 352 988 391 hunc
1020 352 1204 390 omnibus
1234 350 1436 390 sententiis
1475 361 1567 388 con-

215 422 401 458 demnare
423 421 604 470 possetis.

252 582 306 616 11.
339 577 440 615 maz·
473 578 601 615 Verres
622 578 775 616 carrt'ed
789 578 846 628 (ff
858 578 913 615 the
935 576 1066 627 [mage
1085 577 1135 628 eff
1135 575 1241 628 suno
1245 577 1357 628 from
1377 575 1528 614 Melita.

271 684 403 722 Insula
434 692 491 722 est
522 684 668 730 Melita,
690 685 848 730 iudices,
871 685 963 722 satis
994 683 1072 721 lato
1104 684 1154 721 ab
1185 682 1314 721 Sicilia
1343 682 1438 719 mari
1469 681 1566 731 peri-

215 752 429 802 culosoque
461 752 676 790 disiuncta:
718 753 756 789 in
788 764 865 802 qua
895 759 953 790 est
992 751 1134 789 eodem
1174 751 1334 788 nomine
1363 749 1568 800 oppidum,

215 830 295 868 quo
327 820 396 857 iste
426 832 642 870 numquam
675 820 863 866 accessit;
897 819 1004 870 quod
1035 826 1166 856 tamen
1188 818 1247 856 isti
1269 817 1478 856 textrinum
1500 828 1569 867 per

216 886 421 923 triennium
453 886 502 923 ad
533 886 760 924 muliebrem
792 892 938 924 vestem
970 885 1257 924 conficiendam
1287 883 1368 922 fuit.
1426 883 1490 921 Ab
1519 894 1568 921 eo

219 951 368 1001 oppido
391 964 470 989 non
501 951 630 1002 longe,
654 953 692 989 in
723 953 1010 1002 promontorio,
1033 951 1166 990 sanum
1187 957 1246 989 est
1276 949 1440 989 Iunonis
1469 949 1568 988 anti·
1589 961 1606 994 5

217 1030 360 1068 quum:
391 1018 497 1068 quod
529 1026 635 1056 tanta
665 1019 852 1068 religione
882 1030 1038 1068 semper
1070 1017 1150 1062 suit,
1173 1023 1214 1055 ut
1244 1028 1325 1055 non
1345 1016 1468 1055 modo
1497 1015 1568 1054 illis

215 1083 372 1122 Punicis
393 1084 514 1130 bellis,
538 1096 637 1134 quae
668 1085 706 1122 in
729 1085 787 1123 his
809 1084 886 1123 sere
916 1085 1011 1124 locis
1039 1084 1164 1122 navali
1186 1084 1301 1134 copia
1320 1090 1432 1134 gesta
1451 1089 1568 1133 atque

215 1158 364 1189 versata
385 1160 485 1196 sunt,
509 1152 577 1189 sed
600 1152 717 1189 etiarn
749 1153 786 1189 in
818 1153 890 1190 hac
921 1152 1167 1202 praedonum
1194 1151 1441 1190 multitudine
1467 1162 1568 1190 sem-

216 1230 284 1268 per
306 1218 531 1255 inviolatum
561 1226 818 1269 sanctumque
848 1218 971 1257 suerit.
1033 1218 1140 1266 Quin
1169 1219 1284 1256 etiam
1313 1217 1390 1256 hoc
1417 1228 1569 1255 memo-

216 1284 292 1321 riae
317 1284 513 1333 proditum
543 1291 610 1329 est,
633 1284 756 1322 classe
785 1285 987 1335 quondam
1021 1284 1255 1323 Masinissae
1286 1285 1387 1335 regis
1408 1284 1458 1322 ad
1479 1295 1568 1321 eum
1594 1293 1632 1316 10

215 1350 347 1388 locum
362 1350 536 1400 appulsa,
554 1350 794 1401 praesectum
812 1352 962 1401 regium
982 1351 1117 1390 dentes
1139 1353 1334 1390 eburneos
1355 1349 1570 1390 incredibili

216 1417 485 1467 magnitudine
516 1430 536 1455 e
568 1416 659 1454 fano
690 1418 890 1456 sustulisse
926 1425 963 1456 et
998 1430 1068 1456 eos
1089 1419 1127 1456 in
1158 1417 1332 1457 Africam
1379 1424 1568 1469 portasse,

215 1483 528 1533 Masinissaeque
559 1483 739 1521 donasse.
799 1483 951 1534 Regem
988 1484 1147 1534 quidem
1177 1484 1305 1534 primo
1336 1483 1569 1522 delectatum

216 1561 301 1586 esse
331 1561 516 1587 munere:
547 1557 650 1600 post,
681 1551 746 1588 ubi
777 1551 960 1595 audisset,
982 1551 1087 1589 unde
1119 1557 1259 1597 essent,
1292 1550 1421 1589 statim
1442 1557 1569 1589 certos

216 1615 395 1653 homines
425 1616 464 1653 in
486 1617 755 1666 quinqueremi
785 1618 948 1664 misisse,
971 1618 1036 1669 qui
1057 1630 1126 1656 eos
1147 1617 1284 1656 dentes
1313 1624 1566 1668 reportarent.
1593 1627 1630 1660 ¹5

218 1682 353 1732 Itaque
383 1683 423 1719 in
457 1682 516 1720 his
556 1683 782 1733 inscriptum
815 1684 945 1722 litteris
979 1684 1134 1722 Punicis
1164 1683 1256 1722 suit:
1296 1695 1429 1723 REGEM
1459 1695 1569 1722 MAsr-

216 1759 352 1787 mssAM
397 1760 681 1787 IMPRUDENTEM
726 1762 946 1789 Accemssrt:
997 1762 1046 1788 RE
1090 1762 1272 1796 conTA,
1317 1761 1570 1790 REPONENDos

217 1826 591 1859 Rsssnwssxnosoun
611 1827 789 1855 CURASSE.
849 1816 942 1854 Erat
962 1824 1163 1867 praeterea
1183 1829 1331 1867 magna
1350 1817 1406 1856 vis
1427 1817 1568 1864 eboris,

216 1882 339 1919 multa
377 1890 619 1928 ornamenta,
661 1883 699 1920 in
739 1884 880 1933 quibus
921 1885 1116 1921 eburneae
1157 1883 1366 1930 Victoriae,
1406 1884 1568 1935 antiquo

218 1959 339 1997 opera
360 1959 405 1985 ac
426 1959 581 1986 summa
602 1954 681 1987 arte
702 1948 907 2000 perfectae.
968 1949 1082 1988 Haec
1110 1950 1181 1988 iste
1202 1951 1347 1996 omnia,
1369 1962 1418 1989 ne
1437 1950 1569 1989 multis
1590 1960 1631 1983 ²0

219 2025 360 2059 morer,
387 2025 468 2051 uno
499 2015 646 2064 impetu
677 2023 792 2065 atque
822 2027 902 2054 uno
933 2016 1070 2054 nuntio
1101 2029 1170 2066 per
1200 2028 1331 2054 servos
1361 2015 1569 2065 Venerios,

219 2091 318 2129 quos
339 2080 421 2118 eius
442 2081 494 2117 rei
523 2093 640 2119 causa
667 2082 834 2128 miserat,
857 2083 1029 2121 tollenda
1056 2090 1171 2133 atque
1202 2084 1441 2134 asportanda
1461 2096 1569 2124 cura-

221 2146 282 2183 vit.
340 2144 417 2183 Pro
434 2146 484 2183 dii
506 2147 765 2186 immortales!
797 2161 914 2199 quern
936 2161 1012 2199 ego
1032 2148 1233 2187 hominem
1249 2151 1420 2189 accuso?
1449 2162 1566 2201 quem

220 2212 370 2262 legibus
400 2224 445 2250 ac
475 2212 640 2250 iudiciali
669 2214 750 2251 iure
782 2216 1026 2265 persequor?
1057 2216 1105 2254 de
1126 2227 1206 2266 quo
1235 2227 1305 2256 vos
1334 2217 1566 2256 sententiam

221 2291 289 2329 per
309 2278 490 2316 tabellam
513 2278 669 2318 feretis?
729 2280 874 2319 Dicunt
894 2282 1011 2332 legati
1031 2281 1258 2322 Melitenses
1287 2283 1454 2334 publice,
1475 2297 1565 2336 spo·
1587 2299 1626 2332 ²5

220 2345 353 2382 liatum
383 2345 572 2395 templum
604 2358 689 2384 esse
710 2346 895 2386 Iunonis:
931 2349 1024 2386 nihil
1055 2349 1171 2387 istum
1201 2349 1241 2386 in
1270 2349 1565 2400 religiosissimo

222 2411 313 2450 sano
334 2412 544 2462 reliquisse,
567 2424 683 2463 quern
713 2414 751 2451 in
772 2414 903 2453 locum
924 2415 1067 2454 classes
1096 2415 1264 2454 hostium
1295 2428 1411 2468 saepe
1431 2430 1562 2458 acces-
