1747 2620
128 97 174 129 11.
197 105 250 128 10.
387 85 566 127 ROME'S
597 92 727 125 RULE
762 93 821 124 OF
852 92 949 123 HER
984 91 1272 123 PROVINCES.
1415 91 1498 136 255

126 198 318 249 proficere
338 197 433 236 nihil
454 204 600 249 posset.
661 196 744 235 Eos
765 196 871 235 enirn
894 194 1039 234 deduxi
1065 200 1183 233 testes
1206 200 1243 231 et
1265 204 1332 232 eas
1353 192 1498 230 litteras

45 282 107 305 κιο
128 266 345 317 deportavi,
380 273 422 304 ut
458 265 507 304 de
542 265 652 304 istius
688 264 794 303 facto
831 264 996 302 dubium
1033 275 1120 301 esse
1161 261 1310 300 nemini
1350 266 1498 311 posset.

127 333 310 372 Publicae
332 333 480 372 litterae
504 339 606 380 sunt,
624 332 875 383 deportatum
896 343 983 370 esse
1006 329 1250 368 Mercurium
1268 328 1500 368 Messanam

126 408 287 452 sumptu
303 401 462 452 publico
478 413 486 439 :
518 401 664 448 dicunt,
685 400 842 451 quanti:
873 398 1093 450 praefuisse
1109 397 1201 436 huic
1218 397 1382 448 negotio
1400 397 1500 447 pub-

125 469 197 508 lice
219 469 394 521 legatum
415 469 590 508 Poleam.
652 468 788 517 Quid?
820 468 852 507 is
872 468 940 506 ubi
962 467 1047 505 est?
1087 466 1252 505 Praesto
1273 472 1332 504 est
1351 479 1358 503 :
1390 466 1500 504 testis

127 543 197 576 est.
256 536 447 587 Proagori
477 536 632 587 Sopatri
663 537 782 575 iussu.
844 534 945 583 Quis
967 541 1027 573 est
1047 534 1137 573 hic?
1169 534 1236 585 qui
1258 533 1308 571 ad
1330 539 1500 571 statuam

47 615 106 648 115
126 604 307 643 astrictus
336 612 404 644 est.
467 604 602 652 Quid?
634 604 666 642 is
694 603 761 642 ubi
789 604 874 642 est?
934 601 1068 641 Testis
1090 608 1170 640 est:
1202 601 1350 640 vidistis
1372 601 1500 639 homi·

126 685 220 711 nem
241 678 280 711 et
300 673 420 711 verba
440 672 524 711 eius
544 671 719 710 audistis.
780 669 1094 709 Demoliendum
1109 669 1256 708 curavit
1271 668 1499 707 Demetrius

128 740 464 791 gymnasiarchus,
497 740 606 791 quod
635 739 668 778 is
699 739 734 778 ei
764 739 854 778 loco
885 745 1077 789 praeerat.
1138 737 1274 785 Quid?
1317 736 1395 775 hoc
1426 748 1500 774 nos

128 808 322 847 dicimus?
381 807 513 846 Immo
545 819 637 846 vero
667 807 752 858 ipse
783 818 993 858 praesens:
1037 805 1195 844 Rornae
1226 817 1353 855 nuper
1382 804 1500 843 istum

126 875 259 927 ipsum
288 889 375 915 esse
405 876 636 927 pollicitum,
667 887 753 914 sese
784 865 839 913 id‘
857 874 1015 924 signum
1044 873 1183 924 legatis
1210 885 1298 911 esse
1328 872 1500 911 redditu-

45 953 108 976 120
127 956 227 991 rum,
258 944 290 982 si
321 944 404 983 eius
434 944 490 982 rei
520 943 741 981 testificatio
773 941 983 988 tolleretur,
1016 948 1255 992 cautumque
1290 948 1394 980 esset
1429 953 1499 979 eos

127 1011 401 1051 testimonium
417 1023 500 1050 non
517 1023 603 1049 esse
619 1010 804 1049 dicturos.
865 1009 975 1047 Dixit
990 1009 1068 1047 hoc
1086 1009 1192 1059 apud
1210 1020 1281 1047 vos
1299 1008 1498 1059 Zosippus

129 1087 167 1118 et
197 1079 405 1127 Ismenias,
426 1078 611 1118 homines
642 1077 879 1116 nobilissimi
909 1084 949 1115 et
978 1077 1179 1127 principes
1202 1075 1499 1127 Tyndaritanae

128 1147 306 1186 civitatis.

190 1310 256 1346 10.
299 1305 442 1345 Verres’
463 1305 667 1346 Robberzks
687 1311 730 1345 al
745 1305 1010 1357 Agrzggentum,
1035 1305 1215 1352 Assorus,
1238 1305 1448 1356 Enguz'um,

739 1373 892 1413 Calina.

192 1512 223 1539 1.
255 1499 440 1540 Herculis
467 1500 660 1552 templum
688 1508 747 1539 est
778 1499 883 1550 apud
912 1500 1199 1551 Agrigentinos
1229 1511 1311 1538 non
1337 1499 1456 1550 longe
1478 1512 1500 1537 a

129 1566 229 1615 foro,
251 1580 346 1607 sane
368 1574 549 1607 sanctum
570 1569 677 1619 apud
698 1568 783 1606 illos
805 1575 843 1606 et
870 1567 1111 1618 religiosum.
1172 1566 1232 1605 Ibi
1261 1574 1319 1605 est
1340 1579 1388 1605 ex
1411 1579 1499 1605 aere

59 1679 66 1686 ⁶
131 1635 384 1674 simulacrum
413 1636 537 1687 ipsius
566 1635 763 1683 Herculis,
786 1648 866 1686 quo
896 1648 978 1674 non
1006 1634 1119 1674 facile
1142 1635 1360 1686 quidquam
1391 1635 1500 1673 dixe-

130 1703 203 1741 rim
232 1715 296 1742 me
326 1703 469 1743 vidisse
497 1703 711 1755 pulchrius,
735 1703 908 1757 (tametsi
937 1716 1021 1742 non
1052 1710 1133 1741 tam
1154 1703 1322 1741 multum
1350 1703 1390 1740 in
1418 1702 1501 1740 istis

93 1771 249 1821 5rebus
288 1770 478 1822 intelligo,
515 1784 634 1823 quam
675 1772 799 1810 multa
838 1769 945 1823 vidi,)
986 1783 1114 1822 usque
1154 1783 1215 1819 eo,
1255 1770 1418 1816 iudices,
1460 1778 1501 1807 ut

0 1847 1 1851 ’
130 1838 271 1877 rictum
297 1838 382 1878 eius
407 1851 454 1878 ac
481 1845 661 1878 mentum
688 1840 822 1890 paullo
844 1840 892 1878 sit
913 1839 1088 1885 attritius‚
1111 1838 1221 1889 quod
1249 1838 1289 1876 in
1316 1838 1500 1888 precibus

0 1892 2 1965 Ι
132 1912 170 1944 et
197 1906 524 1957 gratulationibus
553 1919 637 1946 non
658 1907 787 1945 solum
818 1907 858 1945 id
879 1907 1065 1955 venerari,
1087 1918 1223 1944 verum
1245 1906 1363 1944 etiam
1385 1917 1500 1943 oscu-

131 1973 201 2011 lari
231 1973 372 2013 solent.
428 1974 494 2013 Ad
528 1974 605 2013 hoc
641 1975 847 2026 templum,
879 1986 1003 2025 quum
1035 1980 1138 2013 esset
1170 1974 1242 2011 iste
1273 1972 1495 2023 Agrigenti,

132 2040 233 2080 duce
253 2040 510 2080 Timarchide
540 2049 702 2093 repente
732 2049 848 2080 nocte
879 2042 1117 2092 intempesta
1148 2053 1351 2079 servorum
1374 2052 1499 2078 arma-

74 2121 112 2144 ιο
132 2114 262 2146 torum
284 2107 327 2146 fit
347 2120 564 2148 concursus
586 2116 703 2160 atque
725 2109 907 2160 impetus.
969 2108 1130 2148 Clamor
1152 2121 1175 2146 a
1196 2109 1377 2159 vigilibus
1400 2107 1498 2146 fani-

131 2187 208 2227 que
238 2175 468 2215 custodibus
498 2176 652 2214 tollitur.
714 2175 795 2224 Qui
825 2177 954 2227 primo
979 2189 1103 2227 quum
1132 2177 1323 2215 obsistere
1355 2188 1401 2214 ac
1431 2175 1499 2214 de-

130 2241 291 2282 fendere
321 2250 571 2290 conarentur,
601 2243 704 2282 male
743 2243 902 2282 mulcati
934 2244 1052 2282 clavis
1082 2256 1128 2282 ac
1169 2243 1334 2282 fustibus
1375 2242 1499 2293 repel-

129 2308 282 2349 luntur:
312 2317 455 2361 postea
479 2311 678 2349 convulsis
709 2311 905 2361 repagulis
936 2311 1186 2362 effractisque
1214 2311 1332 2349 valvis
1361 2310 1499 2348 demo-

128 2376 186 2415 liri
226 2377 384 2428 signum
424 2390 470 2417 ac
510 2379 685 2417 vectibus
724 2378 959 2418 labefactare
990 2386 1195 2417 conantur.
1256 2378 1410 2416 Interea
1450 2391 1498 2416 ex

73 2455 110 2490 15
130 2443 303 2484 clamore
331 2444 437 2484 sama
463 2452 545 2485 tota
575 2447 670 2484 urbe
700 2447 952 2497 percrebruit,
977 2446 1194 2497 expugnari
1225 2446 1320 2483 deos
1350 2445 1498 2495 patrios

806 2527 831 2554 Τ
857 2527 875 2550 2
