1731 2620
252 109 334 151 270
597 104 658 135 EX
665 103 754 135 ΤΚΛ
764 102 846 134 CTS
876 102 937 134 FR
945 101 1014 133 OM
1043 100 1227 132 CICERO.
1453 100 1531 131 Sect.
1548 99 1588 131 V.

309 218 368 245 11.
399 205 534 256 Itaque
562 207 601 243 in
633 206 778 243 curiam
798 204 984 241 venimus.
1044 200 1274 239 Honorifice
1304 211 1397 238 sane
1428 210 1588 237 consur-

248 271 374 320 gitur:
405 283 478 309 nos
509 278 646 320 rogatu
676 271 922 319 magistratus
951 267 1180 306 assedimus.
1238 266 1379 316 Incipit
1409 265 1440 303 is
1469 264 1587 315 loqui,

248 338 312 386 qui
334 344 371 375 et
401 338 626 376 auctoritate
654 343 692 375 et
722 342 845 374 aetate
877 342 924 381 et,
946 342 988 372 ut
1012 333 1105 372 mihi
1133 334 1256 371 visum
1273 338 1342 378 est,
1362 343 1436 369 usu
1460 342 1588 369 rerum
1610 333 1672 364 280

248 404 514 449 antecedebat,
536 403 734 442 Diodorus
756 402 1019 440 Timarchidi:
1051 400 1159 439 cuius
1184 399 1313 437 omnis
1343 398 1466 437 oratio
1486 397 1587 436 hanc

247 470 379 508 habuit
400 470 526 519 primo
544 470 796 507 sententiam:
818 475 996 507 senatum
1017 466 1284 517 populumque
1303 464 1587 515 Syracusanum

248 536 409 574 moleste
430 536 672 585 graviterque
694 535 802 580 ferre,
825 534 932 585 quod
959 545 1047 583 ego,
1070 544 1193 583 quum
1213 532 1253 569 in
1275 531 1410 569 ceteris
1438 529 1587 568 Siciliae

247 603 461 640 civitatibus
483 608 659 639 senatum
681 600 948 650 populumque
969 599 1204 643 docuissem,
1226 596 1319 646 quid
1340 597 1384 635 iis
1404 595 1585 642 utilitatis,

247 668 339 718 quid
360 668 491 706 salutis
514 667 702 712 afferrem,
727 674 763 703 et
785 678 905 715 quum
928 666 976 703 ab
997 665 1179 702 omnibus
1208 662 1404 709 mandata,
1425 662 1586 711 legatos,
1609 664 1669 704 285

245 734 398 775 litteras,
421 733 720 782 testimoniaque
750 732 1013 782 sumpsissem,
1037 731 1075 767 in
1106 730 1168 767 illa
1195 729 1346 767 civitate
1373 728 1466 766 nihil
1485 729 1586 767 eius-

245 800 351 837 modi
373 799 551 836 sacerem.
614 799 831 848 Respondi,
854 809 980 847 neque
1009 796 1161 834 Romae
1190 795 1230 832 in
1252 801 1447 833 conventu
1478 794 1586 832 Sicu-

245 866 381 911 lorum,
403 878 522 915 quum
553 878 575 903 a
605 877 667 902 me
697 865 881 902 auxilium
912 862 1113 901 communi
1143 861 1317 899 omnium
1344 861 1585 911 legationum

245 929 408 967 consilio
429 930 640 978 petebatur,
662 940 856 977 causaque
878 928 994 965 totius
1022 925 1243 976 provinciae
1270 924 1320 962 ad
1346 937 1410 962 me
1438 924 1586 963 defere-

244 996 365 1040 batur,
391 995 540 1044 legatos
573 995 906 1044 Syracusanorum
937 992 1106 1038 affuisse,
1127 1003 1253 1041 neque
1282 1003 1346 1028 me
1375 990 1583 1041 postulare,
1606 995 1668 1030 ²90

243 1068 285 1098 ut
313 1061 527 1110 quidquam
555 1067 690 1098 contra
720 1059 764 1097 C.
789 1059 952 1097 Verrem
975 1059 1245 1096 decerneretur
1265 1057 1305 1094 in
1332 1069 1378 1094 ea
1407 1057 1524 1102 curIa,
1545 1057 1584 1094 in

242 1139 319 1176 qua
348 1128 561 1165 inauratam
593 1126 636 1164 C.
668 1126 799 1164 Verris
838 1132 1004 1163 statuam
1034 1124 1215 1161 viderem.
1274 1123 1395 1170 Quod
1429 1130 1584 1173 postea-

242 1205 359 1243 quam
381 1193 471 1238 dixi,
493 1199 622 1230 tantus
643 1199 700 1230 est
730 1193 896 1241 gemitus
918 1191 1041 1228 factus
1072 1196 1232 1239 aspectu
1253 1194 1399 1228 statuae
1420 1197 1457 1227 et
1477 1201 1582 1228 com-

243 1260 534 1305 memoratione,
558 1267 598 1297 ut
627 1258 717 1296 illud
746 1259 783 1296 in
811 1259 915 1296 curia
944 1257 1115 1307 positum
1143 1262 1441 1294 monumentum
1462 1256 1582 1294 scele-

241 1339 338 1372 rum,
370 1339 450 1364 non
490 1327 770 1364 beneficiorum
811 1324 1011 1363 videretur.
1070 1324 1176 1361 Tum
1216 1334 1286 1373 pro
1326 1334 1366 1360 se
1406 1322 1582 1373 quisque,
1602 1335 1663 1370 ²95

241 1400 429 1442 quantum
455 1392 623 1430 dicendo
648 1392 800 1441 assequi
828 1398 988 1441 poterat,
1011 1390 1151 1428 docere
1178 1401 1240 1427 me
1262 1389 1391 1439 coepit
1417 1401 1463 1428 ea
1483 1401 1582 1439 quae

241 1459 370 1509 paullo
401 1465 488 1496 ante
519 1458 848 1495 commemoravi:
880 1457 1085 1507 spoliatam
1116 1457 1264 1501 urbem,
1290 1455 1380 1493 fana
1410 1455 1580 1506 direpta:

241 1526 288 1563 de
321 1525 490 1563 Heraclii
520 1525 743 1568 hereditate,
766 1535 882 1573 quam
913 1522 1141 1572 palaestritis
1166 1522 1435 1568 concessisset,
1457 1522 1580 1560 multo

241 1591 449 1628 maximam
490 1596 638 1639 partem
682 1590 811 1639 ipsum
857 1589 1084 1626 abstulisse:
1133 1600 1260 1638 neque
1303 1587 1579 1637 postulandum

241 1657 368 1703 fuisse,
402 1663 442 1694 ut
480 1656 541 1693 ille
574 1655 811 1706 palaestritas
850 1655 1033 1705 diligeret,
1073 1655 1138 1705 qui
1177 1655 1292 1693 etiam
1338 1655 1579 1692 inventorem
1599 1662 1662 1695 300

239 1722 313 1760 olei
343 1723 460 1760 deum
490 1722 725 1760 sustulisset:
756 1733 883 1770 neque
912 1721 1015 1758 illam
1039 1727 1204 1758 statuam
1229 1732 1315 1759 esse
1339 1732 1387 1758 ex
1412 1721 1580 1770 pecunia

239 1788 393 1838 publica
408 1800 535 1838 neque
557 1787 709 1837 publice
731 1787 883 1825 datam:
915 1786 983 1824 sed
1004 1798 1084 1838 eos,
1106 1786 1171 1835 qui
1198 1786 1419 1824 hereditatis
1447 1786 1577 1836 diripi-

239 1854 362 1892 endae
383 1855 591 1905 participes
613 1853 786 1899 fuissent,
809 1852 1027 1890 faciendam
1053 1852 1375 1902 statuendamque
1395 1863 1576 1890 curasse:

239 1921 402 1958 eosdem
434 1919 587 1958 Romae
621 1919 737 1957 fuisse
766 1919 927 1969 legatos,
957 1918 1055 1956 illius
1085 1918 1277 1956 adiutores
1306 1918 1576 1968 improbitatis,

239 1986 368 2024 socios
397 1986 597 2031 furtorum,
619 1985 799 2023 conscios
829 1984 1085 2034 flagitiorum:
1115 1995 1163 2021 eo
1193 1984 1322 2021 minus
1351 1983 1479 2021 mirari
1513 1996 1576 2022 me
1595 1991 1659 2024 305

238 2058 429 2100 oportere,
446 2052 478 2089 si
498 2051 548 2088 illi
570 2051 770 2089 communi
790 2050 1006 2100 legatorum
1027 2049 1214 2088 voluntati
1234 2056 1272 2088 et
1292 2049 1404 2087 saluti
1425 2049 1576 2088 Siciliae

239 2117 461 2155 defuissent.

298 2196 357 2222 12.
386 2182 464 2220 Ubi
489 2194 622 2220 eorum
648 2181 826 2219 dolorem
853 2194 901 2219 ex
927 2182 1034 2219 istius
1060 2181 1206 2219 iniuriis
1237 2192 1318 2219 non
1344 2181 1465 2220 modo
1492 2193 1573 2220 non

237 2249 441 2294 minorem,
472 2248 542 2286 sed
571 2259 694 2298 prope
725 2248 926 2293 maiorem,
955 2259 1073 2297 quarn
1106 2255 1322 2287 ceterorum
1354 2247 1572 2287 Siculorum

237 2327 322 2353 esse
360 2314 551 2364 cognovi:
592 2321 674 2351 tum
703 2325 778 2362 ego
817 2325 949 2351 meum
987 2314 1160 2351 animum
1189 2314 1228 2352 in
1257 2314 1353 2361 illos,
1384 2320 1466 2352 tum
1495 2315 1572 2353 mei
1591 2328 1654 2360 310

237 2381 385 2420 consilii
412 2380 636 2431 negotiique
663 2380 780 2418 totius
811 2380 978 2430 suscepti
1006 2391 1163 2418 causam
1192 2380 1461 2430 rationemque
1481 2392 1572 2431 pro-
