<?xml version="1.0" encoding="UTF-8"?>
<!DOCTYPE html PUBLIC "-//W3C//DTD XHTML 1.0 Transitional//EN"
    "http://www.w3.org/TR/xhtml1/DTD/xhtml1-transitional.dtd">
<html xmlns="http://www.w3.org/1999/xhtml" xml:lang="en" lang="en">
 <head>
  <title>
</title>
<meta http-equiv="Content-Type" content="text/html;charset=utf-8" />
  <meta name='ocr-system' content='tesseract 3.04.00' />
  <meta name='ocr-capabilities' content='ocr_page ocr_carea ocr_par ocr_line ocrx_word'/>
</head>
<body>
  <div class='ocr_page' id='page_1' title='image "./extractsfromcice03ciceuoft_0011.png"; bbox 0 0 1747 2620; ppageno 0'>
   <div class='ocr_carea' id='block_1_1' title="bbox 185 75 1549 129">
    <p class='ocr_par' dir='ltr' id='par_1_1' title="bbox 185 75 1549 129">
     <span class='ocr_line' id='line_1_1' title="bbox 185 75 1549 129; baseline 0 -14"><span class='ocrx_word' id='word_1_1' title='bbox 185 84 210 118; x_wconf 88' lang='lat'><strong>1.</strong></span> <span class='ocrx_word' id='word_1_2' title='bbox 429 75 608 117; x_wconf 83' lang='lat' dir='ltr'><em>ROME’S</em></span> <span class='ocrx_word' id='word_1_3' title='bbox 639 85 767 116; x_wconf 85' lang='lat' dir='ltr'><em>RULE</em></span> <span class='ocrx_word' id='word_1_4' title='bbox 800 85 859 116; x_wconf 82' lang='lat' dir='ltr'><strong>OF</strong></span> <span class='ocrx_word' id='word_1_5' title='bbox 890 84 986 115; x_wconf 84' lang='lat' dir='ltr'><strong>HER</strong></span> <span class='ocrx_word' id='word_1_6' title='bbox 1025 84 1310 117; x_wconf 82' lang='lat' dir='ltr'><em>PROVINCES.</em></span> <span class='ocrx_word' id='word_1_7' title='bbox 1411 111 1414 115; x_wconf 92' lang='lat'>.</span> <span class='ocrx_word' id='word_1_8' title='bbox 1468 86 1549 129; x_wconf 83' lang='lat'><strong>209</strong></span> 
     </span>
    </p>
   </div>
   <div class='ocr_carea' id='block_1_2' title="bbox 75 186 1562 2458">
    <p class='ocr_par' dir='ltr' id='par_1_2' title="bbox 75 186 1562 2458">
     <span class='ocr_line' id='line_1_2' title="bbox 183 186 1549 239; baseline -0.001 -14"><span class='ocrx_word' id='word_1_9' title='bbox 183 192 243 226; x_wconf 89' lang='lat' dir='ltr'><strong>est</strong></span> <span class='ocrx_word' id='word_1_10' title='bbox 271 199 427 226; x_wconf 84' lang='lat' dir='ltr'><strong>summa</strong></span> <span class='ocrx_word' id='word_1_11' title='bbox 456 200 548 238; x_wconf 86' lang='lat' dir='ltr'>pax,</span> <span class='ocrx_word' id='word_1_12' title='bbox 570 201 726 227; x_wconf 88' lang='lat' dir='ltr'><strong>summa</strong></span> <span class='ocrx_word' id='word_1_13' title='bbox 756 188 1025 239; x_wconf 88' lang='lat' dir='ltr'><strong>tranquillitas,</strong></span> <span class='ocrx_word' id='word_1_14' title='bbox 1054 188 1107 226; x_wconf 88' lang='lat' dir='ltr'><strong>ita</strong></span> <span class='ocrx_word' id='word_1_15' title='bbox 1137 198 1282 233; x_wconf 88' lang='lat' dir='ltr'><strong>tamen,</strong></span> <span class='ocrx_word' id='word_1_16' title='bbox 1311 193 1353 225; x_wconf 92' lang='lat' dir='ltr'><strong>ut</strong></span> <span class='ocrx_word' id='word_1_17' title='bbox 1383 199 1431 225; x_wconf 90' lang='lat' dir='ltr'><strong>ea</strong></span> <span class='ocrx_word' id='word_1_18' title='bbox 1460 186 1549 224; x_wconf 87' lang='lat' dir='ltr'><strong>dor-</strong></span> 
     </span>
     <span class='ocr_line' id='line_1_3' title="bbox 183 252 1549 305; baseline -0.001 -13"><span class='ocrx_word' id='word_1_19' title='bbox 183 255 371 293; x_wconf 91' lang='lat' dir='ltr'><strong>mientem</strong></span> <span class='ocrx_word' id='word_1_20' title='bbox 390 255 699 305; x_wconf 83' lang='lat' dir='ltr'>gubernatorem</span> <span class='ocrx_word' id='word_1_21' title='bbox 727 255 788 294; x_wconf 92' lang='lat' dir='ltr'><strong>vel</strong></span> <span class='ocrx_word' id='word_1_22' title='bbox 816 256 997 302; x_wconf 88' lang='lat' dir='ltr'><strong>obruere,</strong></span> <span class='ocrx_word' id='word_1_23' title='bbox 1019 255 1248 305; x_wconf 85' lang='lat' dir='ltr'><strong>vigilantem</strong></span> <span class='ocrx_word' id='word_1_24' title='bbox 1271 254 1389 293; x_wconf 86' lang='lat' dir='ltr'><strong>etiam</strong></span> <span class='ocrx_word' id='word_1_25' title='bbox 1420 252 1549 291; x_wconf 90' lang='lat' dir='ltr'><strong>delec-</strong></span> 
     </span>
     <span class='ocr_line' id='line_1_4' title="bbox 181 321 1550 373; baseline -0.002 -13"><span class='ocrx_word' id='word_1_26' title='bbox 181 326 263 360; x_wconf 85' lang='lat' dir='ltr'><strong>tare</strong></span> <span class='ocrx_word' id='word_1_27' title='bbox 301 322 437 372; x_wconf 90' lang='lat' dir='ltr'>possit.</span> <span class='ocrx_word' id='word_1_28' title='bbox 513 321 681 362; x_wconf 82' lang='lat' dir='ltr'>Constat</span> <span class='ocrx_word' id='word_1_29' title='bbox 720 322 827 360; x_wconf 90' lang='lat' dir='ltr'><strong>enim</strong></span> <span class='ocrx_word' id='word_1_30' title='bbox 867 334 913 360; x_wconf 90' lang='lat' dir='ltr'><strong>ea</strong></span> <span class='ocrx_word' id='word_1_31' title='bbox 952 322 1155 373; x_wconf 87' lang='lat' dir='ltr'><strong>provincia</strong></span> <span class='ocrx_word' id='word_1_32' title='bbox 1198 321 1372 372; x_wconf 88' lang='lat' dir='ltr'><strong>primum</strong></span> <span class='ocrx_word' id='word_1_33' title='bbox 1411 332 1459 358; x_wconf 81' lang='lat' dir='ltr'><strong>ex</strong></span> <span class='ocrx_word' id='word_1_34' title='bbox 1501 331 1550 357; x_wconf 93' lang='lat' dir='ltr'><strong>eo</strong></span> 
     </span>
     <span class='ocr_line' id='line_1_5' title="bbox 181 386 1549 440; baseline -0.002 -12"><span class='ocrx_word' id='word_1_35' title='bbox 181 401 328 440; x_wconf 90' lang='lat' dir='ltr'><strong>genere</strong></span> <span class='ocrx_word' id='word_1_36' title='bbox 358 389 570 436; x_wconf 88' lang='lat' dir='ltr'><strong>sociorum,</strong></span> <span class='ocrx_word' id='word_1_37' title='bbox 602 389 712 440; x_wconf 91' lang='lat' dir='ltr'><strong>quod</strong></span> <span class='ocrx_word' id='word_1_38' title='bbox 742 396 802 428; x_wconf 90' lang='lat' dir='ltr'><strong>est</strong></span> <span class='ocrx_word' id='word_1_39' title='bbox 832 402 881 428; x_wconf 81' lang='lat' dir='ltr'><strong>ex</strong></span> <span class='ocrx_word' id='word_1_40' title='bbox 910 389 1120 427; x_wconf 91' lang='lat' dir='ltr'><strong>hominum</strong></span> <span class='ocrx_word' id='word_1_41' title='bbox 1150 388 1261 426; x_wconf 92' lang='lat' dir='ltr'><strong>omni</strong></span> <span class='ocrx_word' id='word_1_42' title='bbox 1296 399 1444 438; x_wconf 85' lang='lat' dir='ltr'><strong>genere</strong></span> <span class='ocrx_word' id='word_1_43' title='bbox 1479 386 1549 425; x_wconf 89' lang='lat' dir='ltr'><strong>hu·</strong></span> 
     </span>
     <span class='ocr_line' id='line_1_6' title="bbox 119 454 1550 508; baseline -0.001 -14"><span class='ocrx_word' id='word_1_44' title='bbox 119 471 161 506; x_wconf 83' lang='lat'><strong>55</strong></span> <span class='ocrx_word' id='word_1_45' title='bbox 182 456 469 504; x_wconf 86' lang='lat' dir='ltr'><strong>manissimum,</strong></span> <span class='ocrx_word' id='word_1_46' title='bbox 501 457 645 495; x_wconf 90' lang='lat' dir='ltr'><strong>deinde</strong></span> <span class='ocrx_word' id='word_1_47' title='bbox 680 469 729 495; x_wconf 86' lang='lat' dir='ltr'><strong>ex</strong></span> <span class='ocrx_word' id='word_1_48' title='bbox 769 469 818 495; x_wconf 90' lang='lat' dir='ltr'><strong>eo</strong></span> <span class='ocrx_word' id='word_1_49' title='bbox 858 469 1004 508; x_wconf 87' lang='lat' dir='ltr'><strong>genere</strong></span> <span class='ocrx_word' id='word_1_50' title='bbox 1039 457 1194 503; x_wconf 90' lang='lat' dir='ltr'><strong>civium,</strong></span> <span class='ocrx_word' id='word_1_51' title='bbox 1227 456 1294 507; x_wconf 91' lang='lat' dir='ltr'><strong>qui</strong></span> <span class='ocrx_word' id='word_1_52' title='bbox 1335 462 1400 494; x_wconf 87' lang='lat' dir='ltr'><strong>aut</strong></span> <span class='ocrx_word' id='word_1_53' title='bbox 1441 454 1550 506; x_wconf 91' lang='lat' dir='ltr'><strong>quod</strong></span> 
     </span>
     <span class='ocr_line' id='line_1_7' title="bbox 181 522 1550 574; baseline -0.001 -12"><span class='ocrx_word' id='word_1_54' title='bbox 181 523 381 574; x_wconf 89' lang='lat' dir='ltr'><strong>publicani</strong></span> <span class='ocrx_word' id='word_1_55' title='bbox 402 530 503 568; x_wconf 90' lang='lat' dir='ltr'><strong>sunt,</strong></span> <span class='ocrx_word' id='word_1_56' title='bbox 526 536 600 562; x_wconf 91' lang='lat' dir='ltr'><strong>nos</strong></span> <span class='ocrx_word' id='word_1_57' title='bbox 621 536 779 563; x_wconf 88' lang='lat' dir='ltr'><strong>summa</strong></span> <span class='ocrx_word' id='word_1_58' title='bbox 805 523 1098 562; x_wconf 88' lang='lat' dir='ltr'><strong>necessitudine</strong></span> <span class='ocrx_word' id='word_1_59' title='bbox 1121 523 1329 573; x_wconf 85' lang='lat' dir='ltr'><strong>attingunt,</strong></span> <span class='ocrx_word' id='word_1_60' title='bbox 1353 528 1419 560; x_wconf 87' lang='lat' dir='ltr'><strong>aut</strong></span> <span class='ocrx_word' id='word_1_61' title='bbox 1440 522 1550 572; x_wconf 88' lang='lat' dir='ltr'><strong>quod</strong></span> 
     </span>
     <span class='ocr_line' id='line_1_8' title="bbox 181 589 1549 642; baseline -0.001 -14"><span class='ocrx_word' id='word_1_62' title='bbox 181 590 235 630; x_wconf 88' lang='lat' dir='ltr'><strong>ita</strong></span> <span class='ocrx_word' id='word_1_63' title='bbox 255 591 519 641; x_wconf 82' lang='lat' dir='ltr'><strong>negotiantur,</strong></span> <span class='ocrx_word' id='word_1_64' title='bbox 541 598 583 630; x_wconf 93' lang='lat' dir='ltr'><strong>ut</strong></span> <span class='ocrx_word' id='word_1_65' title='bbox 603 591 820 642; x_wconf 88' lang='lat' dir='ltr'><strong>locupletes</strong></span> <span class='ocrx_word' id='word_1_66' title='bbox 841 591 928 638; x_wconf 90' lang='lat' dir='ltr'><strong>sint,</strong></span> <span class='ocrx_word' id='word_1_67' title='bbox 951 591 1074 629; x_wconf 86' lang='lat' dir='ltr'><strong>nostri</strong></span> <span class='ocrx_word' id='word_1_68' title='bbox 1097 589 1327 629; x_wconf 82' lang='lat' dir='ltr'><strong>consulatus</strong></span> <span class='ocrx_word' id='word_1_69' title='bbox 1353 589 1549 628; x_wconf 88' lang='lat' dir='ltr'><strong>beneficio</strong></span> 
     </span>
     <span class='ocr_line' id='line_1_9' title="bbox 182 658 1100 697; baseline -0.001 -1"><span class='ocrx_word' id='word_1_70' title='bbox 182 670 224 696; x_wconf 88' lang='lat' dir='ltr'><strong>se</strong></span> <span class='ocrx_word' id='word_1_71' title='bbox 245 658 464 697; x_wconf 87' lang='lat' dir='ltr'><strong>incolumes</strong></span> <span class='ocrx_word' id='word_1_72' title='bbox 486 658 665 697; x_wconf 81' lang='lat' dir='ltr'><strong>fortunas</strong></span> <span class='ocrx_word' id='word_1_73' title='bbox 686 659 832 697; x_wconf 86' lang='lat' dir='ltr'><strong>habere</strong></span> <span class='ocrx_word' id='word_1_74' title='bbox 854 658 1100 696; x_wconf 81' lang='lat' dir='ltr'><strong>arbitrantur.</strong></span> 
     </span>
     <span class='ocr_line' id='line_1_10' title="bbox 241 725 1549 777; baseline 0 -14"><span class='ocrx_word' id='word_1_75' title='bbox 241 739 275 764; x_wconf 88' lang='lat'><strong>2.</strong></span> <span class='ocrx_word' id='word_1_76' title='bbox 307 726 361 764; x_wconf 93' lang='lat' dir='ltr'><strong>At</strong></span> <span class='ocrx_word' id='word_1_77' title='bbox 382 726 487 764; x_wconf 91' lang='lat' dir='ltr'><strong>enim</strong></span> <span class='ocrx_word' id='word_1_78' title='bbox 508 726 606 764; x_wconf 89' lang='lat' dir='ltr'><strong>inter</strong></span> <span class='ocrx_word' id='word_1_79' title='bbox 625 725 700 764; x_wconf 94' lang='lat' dir='ltr'><strong>hos</strong></span> <span class='ocrx_word' id='word_1_80' title='bbox 727 726 838 777; x_wconf 91' lang='lat' dir='ltr'><strong>ipsos</strong></span> <span class='ocrx_word' id='word_1_81' title='bbox 859 726 1054 764; x_wconf 83' lang='lat' dir='ltr'><strong>exsistunt</strong></span> <span class='ocrx_word' id='word_1_82' title='bbox 1084 738 1223 775; x_wconf 83' lang='lat' dir='ltr'><strong>graves</strong></span> <span class='ocrx_word' id='word_1_83' title='bbox 1245 725 1549 772; x_wconf 85' lang='lat' dir='ltr'><strong>controversiae,</strong></span> 
     </span>
     <span class='ocr_line' id='line_1_11' title="bbox 118 793 1551 844; baseline 0.001 -14"><span class='ocrx_word' id='word_1_84' title='bbox 118 802 163 836; x_wconf 89' lang='lat'><strong>60</strong></span> <span class='ocrx_word' id='word_1_85' title='bbox 184 793 327 832; x_wconf 84' lang='lat' dir='ltr'><strong>multae</strong></span> <span class='ocrx_word' id='word_1_86' title='bbox 356 800 571 832; x_wconf 89' lang='lat' dir='ltr'><strong>nascuntur</strong></span> <span class='ocrx_word' id='word_1_87' title='bbox 597 793 773 841; x_wconf 88' lang='lat' dir='ltr'><strong>iniuriae,</strong></span> <span class='ocrx_word' id='word_1_88' title='bbox 795 805 967 844; x_wconf 85' lang='lat' dir='ltr'><strong>magnae</strong></span> <span class='ocrx_word' id='word_1_89' title='bbox 989 794 1268 832; x_wconf 88' lang='lat' dir='ltr'><strong>contentiones</strong></span> <span class='ocrx_word' id='word_1_90' title='bbox 1297 805 1551 844; x_wconf 87' lang='lat' dir='ltr'><strong>consequun-</strong></span> 
     </span>
     <span class='ocr_line' id='line_1_12' title="bbox 183 859 1551 911; baseline -0.001 -12"><span class='ocrx_word' id='word_1_91' title='bbox 183 867 254 900; x_wconf 90' lang='lat' dir='ltr'><strong>tur.</strong></span> <span class='ocrx_word' id='word_1_92' title='bbox 315 859 441 909; x_wconf 87' lang='lat' dir='ltr'><strong>Quasi</strong></span> <span class='ocrx_word' id='word_1_93' title='bbox 469 872 562 898; x_wconf 91' lang='lat' dir='ltr'><strong>vero</strong></span> <span class='ocrx_word' id='word_1_94' title='bbox 593 873 669 911; x_wconf 84' lang='lat' dir='ltr'><strong>ego</strong></span> <span class='ocrx_word' id='word_1_95' title='bbox 699 861 739 899; x_wconf 91' lang='lat' dir='ltr'><strong>id</strong></span> <span class='ocrx_word' id='word_1_96' title='bbox 769 867 917 911; x_wconf 86' lang='lat' dir='ltr'><strong>putem,</strong></span> <span class='ocrx_word' id='word_1_97' title='bbox 944 872 1026 899; x_wconf 92' lang='lat' dir='ltr'><strong>non</strong></span> <span class='ocrx_word' id='word_1_98' title='bbox 1057 866 1094 898; x_wconf 90' lang='lat' dir='ltr'><strong>te</strong></span> <span class='ocrx_word' id='word_1_99' title='bbox 1127 860 1370 911; x_wconf 84' lang='lat' dir='ltr'><strong>aliquantum</strong></span> <span class='ocrx_word' id='word_1_100' title='bbox 1401 860 1551 910; x_wconf 85' lang='lat' dir='ltr'><strong>negotii</strong></span> 
     </span>
     <span class='ocr_line' id='line_1_13' title="bbox 184 926 1552 978; baseline -0.002 -11"><span class='ocrx_word' id='word_1_101' title='bbox 184 928 389 968; x_wconf 83' lang='lat' dir='ltr'><strong>sustinere.</strong></span> <span class='ocrx_word' id='word_1_102' title='bbox 446 927 631 978; x_wconf 86' lang='lat' dir='ltr'><strong>Intelligo</strong></span> <span class='ocrx_word' id='word_1_103' title='bbox 665 940 930 978; x_wconf 85' lang='lat' dir='ltr'><strong>permagnum</strong></span> <span class='ocrx_word' id='word_1_104' title='bbox 967 939 1054 966; x_wconf 91' lang='lat' dir='ltr'><strong>esse</strong></span> <span class='ocrx_word' id='word_1_105' title='bbox 1085 928 1290 978; x_wconf 87' lang='lat' dir='ltr'><strong>negotium</strong></span> <span class='ocrx_word' id='word_1_106' title='bbox 1322 933 1359 966; x_wconf 92' lang='lat' dir='ltr'><strong>et</strong></span> <span class='ocrx_word' id='word_1_107' title='bbox 1389 926 1552 965; x_wconf 86' lang='lat' dir='ltr'><strong>maximi</strong></span> 
     </span>
     <span class='ocr_line' id='line_1_14' title="bbox 184 994 1551 1044; baseline -0.001 -11"><span class='ocrx_word' id='word_1_108' title='bbox 184 995 348 1042; x_wconf 91' lang='lat' dir='ltr'><strong>consilii,</strong></span> <span class='ocrx_word' id='word_1_109' title='bbox 369 994 440 1034; x_wconf 90' lang='lat' dir='ltr'><strong>sed</strong></span> <span class='ocrx_word' id='word_1_110' title='bbox 467 1001 669 1033; x_wconf 90' lang='lat' dir='ltr'><strong>memento</strong></span> <span class='ocrx_word' id='word_1_111' title='bbox 697 995 850 1034; x_wconf 87' lang='lat' dir='ltr'><strong>consilii</strong></span> <span class='ocrx_word' id='word_1_112' title='bbox 878 1007 942 1033; x_wconf 91' lang='lat' dir='ltr'><strong>me</strong></span> <span class='ocrx_word' id='word_1_113' title='bbox 971 994 1047 1032; x_wconf 89' lang='lat' dir='ltr'><strong>hoc</strong></span> <span class='ocrx_word' id='word_1_114' title='bbox 1077 995 1282 1044; x_wconf 83' lang='lat' dir='ltr'><strong>negotium</strong></span> <span class='ocrx_word' id='word_1_115' title='bbox 1310 1006 1396 1033; x_wconf 91' lang='lat' dir='ltr'><strong>esse</strong></span> <span class='ocrx_word' id='word_1_116' title='bbox 1424 995 1551 1044; x_wconf 84' lang='lat' dir='ltr'><strong>magis</strong></span> 
     </span>
     <span class='ocr_line' id='line_1_15' title="bbox 185 1061 1552 1114; baseline -0.001 -14"><span class='ocrx_word' id='word_1_117' title='bbox 185 1062 386 1113; x_wconf 90' lang='lat' dir='ltr'><strong>aliquanto</strong></span> <span class='ocrx_word' id='word_1_118' title='bbox 422 1075 543 1114; x_wconf 89' lang='lat' dir='ltr'><strong>quam</strong></span> <span class='ocrx_word' id='word_1_119' title='bbox 579 1062 760 1102; x_wconf 87' lang='lat' dir='ltr'><strong>fortunae</strong></span> <span class='ocrx_word' id='word_1_120' title='bbox 796 1069 945 1113; x_wconf 88' lang='lat' dir='ltr'><strong>putare.</strong></span> <span class='ocrx_word' id='word_1_121' title='bbox 1009 1061 1117 1109; x_wconf 88' lang='lat' dir='ltr'><strong>Quid</strong></span> <span class='ocrx_word' id='word_1_122' title='bbox 1158 1069 1217 1101; x_wconf 88' lang='lat' dir='ltr'><strong>est</strong></span> <span class='ocrx_word' id='word_1_123' title='bbox 1256 1062 1362 1100; x_wconf 89' lang='lat' dir='ltr'><strong>enim</strong></span> <span class='ocrx_word' id='word_1_124' title='bbox 1403 1061 1552 1112; x_wconf 90' lang='lat' dir='ltr'><strong>negotii</strong></span> 
     </span>
     <span class='ocr_line' id='line_1_16' title="bbox 121 1128 1552 1182; baseline -0.001 -14"><span class='ocrx_word' id='word_1_125' title='bbox 121 1135 164 1178; x_wconf 88' lang='lat'><strong>65</strong></span> <span class='ocrx_word' id='word_1_126' title='bbox 186 1130 389 1169; x_wconf 87' lang='lat' dir='ltr'><strong>continere</strong></span> <span class='ocrx_word' id='word_1_127' title='bbox 409 1142 491 1176; x_wconf 92' lang='lat' dir='ltr'><strong>eos,</strong></span> <span class='ocrx_word' id='word_1_128' title='bbox 509 1131 653 1182; x_wconf 89' lang='lat' dir='ltr'><strong>quibus</strong></span> <span class='ocrx_word' id='word_1_129' title='bbox 670 1130 833 1180; x_wconf 86' lang='lat' dir='ltr'><strong>praesis,</strong></span> <span class='ocrx_word' id='word_1_130' title='bbox 851 1130 882 1168; x_wconf 91' lang='lat' dir='ltr'><strong>si</strong></span> <span class='ocrx_word' id='word_1_131' title='bbox 905 1136 941 1167; x_wconf 93' lang='lat' dir='ltr'><strong>te</strong></span> <span class='ocrx_word' id='word_1_132' title='bbox 963 1129 1046 1180; x_wconf 89' lang='lat' dir='ltr'><strong>ipse</strong></span> <span class='ocrx_word' id='word_1_133' title='bbox 1069 1130 1302 1169; x_wconf 88' lang='lat' dir='ltr'><strong>contineas?</strong></span> <span class='ocrx_word' id='word_1_134' title='bbox 1352 1128 1399 1168; x_wconf 91' lang='lat' dir='ltr'><strong>Id</strong></span> <span class='ocrx_word' id='word_1_135' title='bbox 1421 1137 1552 1168; x_wconf 90' lang='lat' dir='ltr'><strong>autem</strong></span> 
     </span>
     <span class='ocr_line' id='line_1_17' title="bbox 187 1197 1554 1248; baseline -0.001 -12"><span class='ocrx_word' id='word_1_136' title='bbox 187 1198 235 1237; x_wconf 87' lang='lat' dir='ltr'><strong>sit</strong></span> <span class='ocrx_word' id='word_1_137' title='bbox 254 1209 446 1248; x_wconf 86' lang='lat' dir='ltr'><strong>magnum</strong></span> <span class='ocrx_word' id='word_1_138' title='bbox 475 1204 514 1236; x_wconf 93' lang='lat' dir='ltr'><strong>et</strong></span> <span class='ocrx_word' id='word_1_139' title='bbox 540 1198 695 1237; x_wconf 88' lang='lat' dir='ltr'><strong>difficile</strong></span> <span class='ocrx_word' id='word_1_140' title='bbox 717 1198 865 1245; x_wconf 91' lang='lat' dir='ltr'><strong>ceteris,</strong></span> <span class='ocrx_word' id='word_1_141' title='bbox 889 1198 988 1236; x_wconf 84' lang='lat' dir='ltr'><strong>sicut</strong></span> <span class='ocrx_word' id='word_1_142' title='bbox 1016 1204 1074 1236; x_wconf 88' lang='lat' dir='ltr'><strong>est</strong></span> <span class='ocrx_word' id='word_1_143' title='bbox 1105 1197 1398 1235; x_wconf 83' lang='lat' dir='ltr'><strong>difficillimum:</strong></span> <span class='ocrx_word' id='word_1_144' title='bbox 1429 1197 1497 1235; x_wconf 90' lang='lat' dir='ltr'><strong>tibi</strong></span> <span class='ocrx_word' id='word_1_145' title='bbox 1518 1204 1554 1235; x_wconf 88' lang='lat' dir='ltr'><strong>et</strong></span> 
     </span>
     <span class='ocr_line' id='line_1_18' title="bbox 188 1264 1556 1316; baseline -0.001 -13"><span class='ocrx_word' id='word_1_146' title='bbox 188 1264 258 1304; x_wconf 86' lang='lat' dir='ltr'><strong>suit</strong></span> <span class='ocrx_word' id='word_1_147' title='bbox 285 1264 362 1304; x_wconf 93' lang='lat' dir='ltr'><strong>hoc</strong></span> <span class='ocrx_word' id='word_1_148' title='bbox 390 1278 548 1316; x_wconf 88' lang='lat' dir='ltr'><strong>semper</strong></span> <span class='ocrx_word' id='word_1_149' title='bbox 569 1264 799 1304; x_wconf 87' lang='lat' dir='ltr'><strong>facillimum</strong></span> <span class='ocrx_word' id='word_1_150' title='bbox 821 1272 859 1303; x_wconf 93' lang='lat' dir='ltr'><strong>et</strong></span> <span class='ocrx_word' id='word_1_151' title='bbox 886 1277 979 1303; x_wconf 87' lang='lat' dir='ltr'><strong>vero</strong></span> <span class='ocrx_word' id='word_1_152' title='bbox 1001 1276 1088 1304; x_wconf 88' lang='lat' dir='ltr'><strong>esse</strong></span> <span class='ocrx_word' id='word_1_153' title='bbox 1117 1264 1261 1311; x_wconf 87' lang='lat' dir='ltr'><strong>debuit,</strong></span> <span class='ocrx_word' id='word_1_154' title='bbox 1285 1265 1394 1303; x_wconf 92' lang='lat' dir='ltr'><strong>cuius</strong></span> <span class='ocrx_word' id='word_1_155' title='bbox 1416 1271 1556 1303; x_wconf 83' lang='lat' dir='ltr'><strong>natura</strong></span> 
     </span>
     <span class='ocr_line' id='line_1_19' title="bbox 188 1331 1554 1382; baseline -0.001 -11"><span class='ocrx_word' id='word_1_156' title='bbox 188 1333 274 1372; x_wconf 88' lang='lat' dir='ltr'><strong>talis</strong></span> <span class='ocrx_word' id='word_1_157' title='bbox 293 1338 365 1380; x_wconf 85' lang='lat' dir='ltr'><strong>est,</strong></span> <span class='ocrx_word' id='word_1_158' title='bbox 385 1338 428 1371; x_wconf 92' lang='lat' dir='ltr'><strong>ut</strong></span> <span class='ocrx_word' id='word_1_159' title='bbox 449 1333 567 1371; x_wconf 84' lang='lat' dir='ltr'><strong>etiam</strong></span> <span class='ocrx_word' id='word_1_160' title='bbox 588 1333 672 1372; x_wconf 91' lang='lat' dir='ltr'><strong>sine</strong></span> <span class='ocrx_word' id='word_1_161' title='bbox 701 1333 880 1371; x_wconf 88' lang='lat' dir='ltr'><strong>doctrina</strong></span> <span class='ocrx_word' id='word_1_162' title='bbox 908 1332 1083 1370; x_wconf 87' lang='lat' dir='ltr'><strong>videatur</strong></span> <span class='ocrx_word' id='word_1_163' title='bbox 1105 1331 1310 1370; x_wconf 84' lang='lat' dir='ltr'><strong>moderata</strong></span> <span class='ocrx_word' id='word_1_164' title='bbox 1332 1343 1418 1369; x_wconf 91' lang='lat' dir='ltr'><strong>esse</strong></span> <span class='ocrx_word' id='word_1_165' title='bbox 1440 1339 1554 1382; x_wconf 90' lang='lat' dir='ltr'><strong>potu-</strong></span> 
     </span>
     <span class='ocr_line' id='line_1_20' title="bbox 187 1397 1556 1449; baseline -0.004 -11"><span class='ocrx_word' id='word_1_166' title='bbox 187 1401 276 1448; x_wconf 91' lang='lat' dir='ltr'><strong>isse,</strong></span> <span class='ocrx_word' id='word_1_167' title='bbox 297 1412 345 1439; x_wconf 89' lang='lat' dir='ltr'><strong>ea</strong></span> <span class='ocrx_word' id='word_1_168' title='bbox 373 1407 505 1440; x_wconf 88' lang='lat' dir='ltr'><strong>autern</strong></span> <span class='ocrx_word' id='word_1_169' title='bbox 535 1400 712 1439; x_wconf 88' lang='lat' dir='ltr'><strong>adhibita</strong></span> <span class='ocrx_word' id='word_1_170' title='bbox 741 1400 919 1439; x_wconf 86' lang='lat' dir='ltr'><strong>doctrina</strong></span> <span class='ocrx_word' id='word_1_171' title='bbox 949 1406 1019 1446; x_wconf 90' lang='lat' dir='ltr'><strong>est,</strong></span> <span class='ocrx_word' id='word_1_172' title='bbox 1042 1411 1144 1449; x_wconf 85' lang='lat' dir='ltr'><strong>quae</strong></span> <span class='ocrx_word' id='word_1_173' title='bbox 1175 1398 1234 1436; x_wconf 90' lang='lat' dir='ltr'><strong>vel</strong></span> <span class='ocrx_word' id='word_1_174' title='bbox 1264 1397 1556 1436; x_wconf 86' lang='lat' dir='ltr'><strong>vitiosissimam</strong></span> 
     </span>
     <span class='ocr_line' id='line_1_21' title="bbox 75 1455 1556 1520; baseline -0.004 -12"><span class='ocrx_word' id='word_1_175' title='bbox 75 1455 82 1462; x_wconf 39' lang='lat'><strong>⁴</strong></span> <span class='ocrx_word' id='word_1_176' title='bbox 127 1486 168 1520; x_wconf 81' lang='lat'><strong>70</strong></span> <span class='ocrx_word' id='word_1_177' title='bbox 188 1474 368 1507; x_wconf 88' lang='lat' dir='ltr'><strong>naturam</strong></span> <span class='ocrx_word' id='word_1_178' title='bbox 390 1468 570 1507; x_wconf 84' lang='lat' dir='ltr'><strong>excolere</strong></span> <span class='ocrx_word' id='word_1_179' title='bbox 599 1468 735 1519; x_wconf 88' lang='lat' dir='ltr'><strong>possit.</strong></span> <span class='ocrx_word' id='word_1_180' title='bbox 795 1467 861 1506; x_wconf 91' lang='lat' dir='ltr'><strong>Tu</strong></span> <span class='ocrx_word' id='word_1_181' title='bbox 888 1480 1011 1518; x_wconf 88' lang='lat' dir='ltr'><strong>quum</strong></span> <span class='ocrx_word' id='word_1_182' title='bbox 1040 1466 1242 1517; x_wconf 89' lang='lat' dir='ltr'><strong>pecuniae,</strong></span> <span class='ocrx_word' id='word_1_183' title='bbox 1265 1478 1388 1516; x_wconf 91' lang='lat' dir='ltr'><strong>quum</strong></span> <span class='ocrx_word' id='word_1_184' title='bbox 1420 1463 1556 1514; x_wconf 90' lang='lat' dir='ltr'><strong>volup-</strong></span> 
     </span>
     <span class='ocr_line' id='line_1_22' title="bbox 189 1531 1556 1587; baseline -0.004 -13"><span class='ocrx_word' id='word_1_185' title='bbox 189 1536 267 1583; x_wconf 90' lang='lat' dir='ltr'><strong>tati,</strong></span> <span class='ocrx_word' id='word_1_186' title='bbox 299 1547 422 1587; x_wconf 91' lang='lat' dir='ltr'><strong>quum</strong></span> <span class='ocrx_word' id='word_1_187' title='bbox 452 1535 633 1574; x_wconf 91' lang='lat' dir='ltr'><strong>omnium</strong></span> <span class='ocrx_word' id='word_1_188' title='bbox 663 1547 793 1573; x_wconf 90' lang='lat' dir='ltr'><strong>rerum</strong></span> <span class='ocrx_word' id='word_1_189' title='bbox 825 1533 1026 1585; x_wconf 75' lang='lat' dir='ltr'><strong>cupiditati</strong></span> <span class='ocrx_word' id='word_1_190' title='bbox 1063 1534 1230 1579; x_wconf 89' lang='lat' dir='ltr'><strong>resistes,</strong></span> <span class='ocrx_word' id='word_1_191' title='bbox 1261 1540 1303 1571; x_wconf 92' lang='lat' dir='ltr'><strong>ut</strong></span> <span class='ocrx_word' id='word_1_192' title='bbox 1333 1532 1443 1580; x_wconf 87' lang='lat' dir='ltr'><strong>facis,</strong></span> <span class='ocrx_word' id='word_1_193' title='bbox 1474 1531 1556 1578; x_wconf 90' lang='lat' dir='ltr'><strong>erit,</strong></span> 
     </span>
     <span class='ocr_line' id='line_1_23' title="bbox 189 1599 1556 1654; baseline -0.004 -12"><span class='ocrx_word' id='word_1_194' title='bbox 189 1602 321 1650; x_wconf 91' lang='lat' dir='ltr'><strong>credo,</strong></span> <span class='ocrx_word' id='word_1_195' title='bbox 353 1603 570 1654; x_wconf 90' lang='lat' dir='ltr'><strong>periculum</strong></span> <span class='ocrx_word' id='word_1_196' title='bbox 601 1615 651 1642; x_wconf 92' lang='lat' dir='ltr'><strong>ne</strong></span> <span class='ocrx_word' id='word_1_197' title='bbox 685 1602 913 1654; x_wconf 89' lang='lat' dir='ltr'><strong>improbum</strong></span> <span class='ocrx_word' id='word_1_198' title='bbox 944 1602 1245 1652; x_wconf 83' lang='lat' dir='ltr'><strong>negotiatorem,</strong></span> <span class='ocrx_word' id='word_1_199' title='bbox 1278 1599 1411 1650; x_wconf 89' lang='lat' dir='ltr'><strong>paullo</strong></span> <span class='ocrx_word' id='word_1_200' title='bbox 1448 1599 1556 1649; x_wconf 89' lang='lat' dir='ltr'><strong>cupi-</strong></span> 
     </span>
     <span class='ocr_line' id='line_1_24' title="bbox 189 1665 1558 1721; baseline -0.004 -12"><span class='ocrx_word' id='word_1_201' title='bbox 189 1670 340 1709; x_wconf 91' lang='lat' dir='ltr'><strong>diorem</strong></span> <span class='ocrx_word' id='word_1_202' title='bbox 370 1670 625 1721; x_wconf 89' lang='lat' dir='ltr'><strong>publicanum</strong></span> <span class='ocrx_word' id='word_1_203' title='bbox 656 1670 919 1720; x_wconf 88' lang='lat' dir='ltr'><strong>comprimere</strong></span> <span class='ocrx_word' id='word_1_204' title='bbox 955 1681 1038 1707; x_wconf 92' lang='lat' dir='ltr'><strong>non</strong></span> <span class='ocrx_word' id='word_1_205' title='bbox 1074 1669 1214 1719; x_wconf 90' lang='lat' dir='ltr'><strong>possis.</strong></span> <span class='ocrx_word' id='word_1_206' title='bbox 1275 1666 1382 1705; x_wconf 85' lang='lat' dir='ltr'><strong>Nam</strong></span> <span class='ocrx_word' id='word_1_207' title='bbox 1414 1665 1558 1705; x_wconf 84' lang='lat' dir='ltr'><strong>Graeci</strong></span> 
     </span>
     <span class='ocr_line' id='line_1_25' title="bbox 189 1734 1557 1790; baseline -0.004 -13"><span class='ocrx_word' id='word_1_208' title='bbox 189 1738 350 1790; x_wconf 90' lang='lat' dir='ltr'><strong>quidem</strong></span> <span class='ocrx_word' id='word_1_209' title='bbox 390 1738 444 1776; x_wconf 93' lang='lat' dir='ltr'><strong>sic</strong></span> <span class='ocrx_word' id='word_1_210' title='bbox 478 1744 516 1777; x_wconf 91' lang='lat' dir='ltr'><strong>te</strong></span> <span class='ocrx_word' id='word_1_211' title='bbox 556 1738 609 1776; x_wconf 87' lang='lat' dir='ltr'><strong>ita</strong></span> <span class='ocrx_word' id='word_1_212' title='bbox 644 1738 839 1777; x_wconf 87' lang='lat' dir='ltr'><strong>viventem</strong></span> <span class='ocrx_word' id='word_1_213' title='bbox 880 1737 1145 1782; x_wconf 87' lang='lat' dir='ltr'><strong>intuebuntur,</strong></span> <span class='ocrx_word' id='word_1_214' title='bbox 1181 1742 1224 1774; x_wconf 90' lang='lat' dir='ltr'><strong>ut</strong></span> <span class='ocrx_word' id='word_1_215' title='bbox 1260 1734 1474 1785; x_wconf 82' lang='lat' dir='ltr'><strong>quemdam</strong></span> <span class='ocrx_word' id='word_1_216' title='bbox 1510 1746 1557 1772; x_wconf 76' lang='lat' dir='ltr'><strong>ex</strong></span> 
     </span>
     <span class='ocr_line' id='line_1_26' title="bbox 129 1801 1557 1858; baseline -0.005 -14"><span class='ocrx_word' id='word_1_217' title='bbox 129 1822 170 1858; x_wconf 83' lang='lat'><strong>75</strong></span> <span class='ocrx_word' id='word_1_218' title='bbox 191 1805 392 1844; x_wconf 86' lang='lat' dir='ltr'><strong>annalium</strong></span> <span class='ocrx_word' id='word_1_219' title='bbox 427 1805 619 1844; x_wconf 89' lang='lat' dir='ltr'><strong>memoria</strong></span> <span class='ocrx_word' id='word_1_220' title='bbox 654 1811 720 1843; x_wconf 91' lang='lat' dir='ltr'><strong>aut</strong></span> <span class='ocrx_word' id='word_1_221' title='bbox 755 1805 874 1843; x_wconf 81' lang='lat' dir='ltr'><strong>etiam</strong></span> <span class='ocrx_word' id='word_1_222' title='bbox 909 1805 958 1842; x_wconf 91' lang='lat' dir='ltr'><strong>de</strong></span> <span class='ocrx_word' id='word_1_223' title='bbox 994 1803 1105 1842; x_wconf 83' lang='lat' dir='ltr'><strong>caelo</strong></span> <span class='ocrx_word' id='word_1_224' title='bbox 1143 1802 1318 1840; x_wconf 84' lang='lat' dir='ltr'><strong>divinum</strong></span> <span class='ocrx_word' id='word_1_225' title='bbox 1353 1801 1557 1839; x_wconf 83' lang='lat' dir='ltr'><strong>hominem</strong></span> 
     </span>
     <span class='ocr_line' id='line_1_27' title="bbox 190 1871 1558 1925; baseline -0.004 -13"><span class='ocrx_word' id='word_1_226' title='bbox 190 1886 277 1913; x_wconf 90' lang='lat' dir='ltr'><strong>esse</strong></span> <span class='ocrx_word' id='word_1_227' title='bbox 299 1874 339 1912; x_wconf 91' lang='lat' dir='ltr'><strong>in</strong></span> <span class='ocrx_word' id='word_1_228' title='bbox 360 1874 604 1925; x_wconf 86' lang='lat' dir='ltr'><strong>provinciam</strong></span> <span class='ocrx_word' id='word_1_229' title='bbox 627 1874 832 1924; x_wconf 87' lang='lat' dir='ltr'><strong>delapsum</strong></span> <span class='ocrx_word' id='word_1_230' title='bbox 858 1879 1006 1924; x_wconf 88' lang='lat' dir='ltr'><strong>putent.</strong></span> <span class='ocrx_word' id='word_1_231' title='bbox 1069 1873 1200 1922; x_wconf 84' lang='lat' dir='ltr'><strong>Atque</strong></span> <span class='ocrx_word' id='word_1_232' title='bbox 1228 1871 1326 1910; x_wconf 80' lang='lat' dir='ltr'><strong>haec</strong></span> <span class='ocrx_word' id='word_1_233' title='bbox 1348 1883 1455 1909; x_wconf 85' lang='lat' dir='ltr'><strong>nunc</strong></span> <span class='ocrx_word' id='word_1_234' title='bbox 1477 1882 1558 1908; x_wconf 90' lang='lat' dir='ltr'><strong>non</strong></span> 
     </span>
     <span class='ocr_line' id='line_1_28' title="bbox 189 1938 1560 1989; baseline -0.004 -9"><span class='ocrx_word' id='word_1_235' title='bbox 189 1948 233 1980; x_wconf 88' lang='lat' dir='ltr'><strong>ut</strong></span> <span class='ocrx_word' id='word_1_236' title='bbox 259 1941 392 1988; x_wconf 84' lang='lat' dir='ltr'><strong>facias,</strong></span> <span class='ocrx_word' id='word_1_237' title='bbox 414 1941 485 1980; x_wconf 89' lang='lat' dir='ltr'><strong>sed</strong></span> <span class='ocrx_word' id='word_1_238' title='bbox 511 1947 553 1980; x_wconf 90' lang='lat' dir='ltr'><strong>ut</strong></span> <span class='ocrx_word' id='word_1_239' title='bbox 582 1949 618 1979; x_wconf 88' lang='lat' dir='ltr'><strong>tc</strong></span> <span class='ocrx_word' id='word_1_240' title='bbox 648 1942 777 1980; x_wconf 85' lang='lat' dir='ltr'><strong>facere</strong></span> <span class='ocrx_word' id='word_1_241' title='bbox 805 1948 843 1979; x_wconf 87' lang='lat' dir='ltr'><strong>et</strong></span> <span class='ocrx_word' id='word_1_242' title='bbox 871 1940 1009 1979; x_wconf 85' lang='lat' dir='ltr'><strong>fecisse</strong></span> <span class='ocrx_word' id='word_1_243' title='bbox 1037 1939 1214 1989; x_wconf 72' lang='lat' dir='ltr'><strong>gaudeas</strong></span> <span class='ocrx_word' id='word_1_244' title='bbox 1242 1940 1383 1977; x_wconf 88' lang='lat' dir='ltr'><strong>scribo.</strong></span> <span class='ocrx_word' id='word_1_245' title='bbox 1443 1938 1560 1975; x_wconf 77' lang='lat' dir='ltr'><strong>Prac-</strong></span> 
     </span>
     <span class='ocr_line' id='line_1_29' title="bbox 193 2005 1559 2057; baseline -0.003 -11"><span class='ocrx_word' id='word_1_246' title='bbox 193 2008 340 2046; x_wconf 88' lang='lat' dir='ltr'><strong>clarum</strong></span> <span class='ocrx_word' id='word_1_247' title='bbox 371 2015 430 2047; x_wconf 91' lang='lat' dir='ltr'><strong>est</strong></span> <span class='ocrx_word' id='word_1_248' title='bbox 460 2009 566 2046; x_wconf 89' lang='lat' dir='ltr'><strong>enim</strong></span> <span class='ocrx_word' id='word_1_249' title='bbox 597 2021 756 2047; x_wconf 89' lang='lat' dir='ltr'><strong>summo</strong></span> <span class='ocrx_word' id='word_1_250' title='bbox 785 2021 876 2046; x_wconf 90' lang='lat' dir='ltr'><strong>cum</strong></span> <span class='ocrx_word' id='word_1_251' title='bbox 908 2007 1073 2057; x_wconf 88' lang='lat' dir='ltr'><strong>imperio</strong></span> <span class='ocrx_word' id='word_1_252' title='bbox 1100 2006 1219 2044; x_wconf 84' lang='lat' dir='ltr'><strong>fuisse</strong></span> <span class='ocrx_word' id='word_1_253' title='bbox 1250 2006 1289 2043; x_wconf 92' lang='lat' dir='ltr'><strong>in</strong></span> <span class='ocrx_word' id='word_1_254' title='bbox 1319 2005 1416 2044; x_wconf 84' lang='lat' dir='ltr'><strong>Asia</strong></span> <span class='ocrx_word' id='word_1_255' title='bbox 1444 2005 1559 2043; x_wconf 87' lang='lat' dir='ltr'><strong>trien-</strong></span> 
     </span>
     <span class='ocr_line' id='line_1_30' title="bbox 193 2072 1559 2125; baseline -0.002 -12"><span class='ocrx_word' id='word_1_256' title='bbox 193 2076 303 2115; x_wconf 85' lang='lat' dir='ltr'><strong>nium</strong></span> <span class='ocrx_word' id='word_1_257' title='bbox 333 2076 389 2115; x_wconf 89' lang='lat' dir='ltr'><strong>sic</strong></span> <span class='ocrx_word' id='word_1_258' title='bbox 420 2082 463 2114; x_wconf 93' lang='lat' dir='ltr'><strong>ut</strong></span> <span class='ocrx_word' id='word_1_259' title='bbox 497 2076 647 2114; x_wconf 87' lang='lat' dir='ltr'><strong>nullum</strong></span> <span class='ocrx_word' id='word_1_260' title='bbox 682 2083 719 2114; x_wconf 89' lang='lat' dir='ltr'><strong>te</strong></span> <span class='ocrx_word' id='word_1_261' title='bbox 755 2075 925 2125; x_wconf 83' lang='lat' dir='ltr'><strong>signum,</strong></span> <span class='ocrx_word' id='word_1_262' title='bbox 958 2074 1063 2112; x_wconf 87' lang='lat' dir='ltr'><strong>nulla</strong></span> <span class='ocrx_word' id='word_1_263' title='bbox 1098 2075 1261 2123; x_wconf 81' lang='lat' dir='ltr'><strong>pictura,</strong></span> <span class='ocrx_word' id='word_1_264' title='bbox 1294 2072 1444 2110; x_wconf 90' lang='lat' dir='ltr'><strong>nullum</strong></span> <span class='ocrx_word' id='word_1_265' title='bbox 1481 2085 1559 2118; x_wconf 80' lang='lat' dir='ltr'><strong>vas,</strong></span> 
     </span>
     <span class='ocr_line' id='line_1_31' title="bbox 129 2139 1562 2193; baseline -0.006 -9"><span class='ocrx_word' id='word_1_266' title='bbox 129 2151 174 2186; x_wconf 85' lang='lat'><strong>80</strong></span> <span class='ocrx_word' id='word_1_267' title='bbox 195 2143 298 2182; x_wconf 88' lang='lat' dir='ltr'><strong>nulla</strong></span> <span class='ocrx_word' id='word_1_268' title='bbox 317 2143 446 2190; x_wconf 87' lang='lat' dir='ltr'><strong>vestis,</strong></span> <span class='ocrx_word' id='word_1_269' title='bbox 470 2143 620 2181; x_wconf 86' lang='lat' dir='ltr'><strong>nullum</strong></span> <span class='ocrx_word' id='word_1_270' title='bbox 642 2143 896 2193; x_wconf 84' lang='lat' dir='ltr'><strong>mancipium,</strong></span> <span class='ocrx_word' id='word_1_271' title='bbox 920 2141 1025 2179; x_wconf 83' lang='lat' dir='ltr'><strong>nulla</strong></span> <span class='ocrx_word' id='word_1_272' title='bbox 1047 2140 1173 2179; x_wconf 81' lang='lat' dir='ltr'><strong>forma</strong></span> <span class='ocrx_word' id='word_1_273' title='bbox 1196 2141 1441 2190; x_wconf 85' lang='lat' dir='ltr'><strong>cuiusquam,</strong></span> <span class='ocrx_word' id='word_1_274' title='bbox 1456 2139 1562 2177; x_wconf 75' lang='lat' dir='ltr'><strong>nulla</strong></span> 
     </span>
     <span class='ocr_line' id='line_1_32' title="bbox 194 2206 1562 2261; baseline -0.006 -11"><span class='ocrx_word' id='word_1_275' title='bbox 194 2210 369 2250; x_wconf 90' lang='lat' dir='ltr'><strong>conditio</strong></span> <span class='ocrx_word' id='word_1_276' title='bbox 399 2210 605 2261; x_wconf 85' lang='lat' dir='ltr'><strong>pecuniae,</strong></span> <span class='ocrx_word' id='word_1_277' title='bbox 639 2209 780 2260; x_wconf 86' lang='lat' dir='ltr'><strong>quibus</strong></span> <span class='ocrx_word' id='word_1_278' title='bbox 812 2209 928 2246; x_wconf 81' lang='lat' dir='ltr'><strong>rebus</strong></span> <span class='ocrx_word' id='word_1_279' title='bbox 960 2207 1135 2245; x_wconf 77' lang='lat' dir='ltr'><strong>abundat</strong></span> <span class='ocrx_word' id='word_1_280' title='bbox 1166 2207 1238 2244; x_wconf 81' lang='lat' dir='ltr'><strong>ista</strong></span> <span class='ocrx_word' id='word_1_281' title='bbox 1270 2206 1482 2256; x_wconf 76' lang='lat' dir='ltr'><strong>provincia,</strong></span> <span class='ocrx_word' id='word_1_282' title='bbox 1512 2206 1562 2242; x_wconf 76' lang='lat' dir='ltr'><strong>ab</strong></span> 
     </span>
     <span class='ocr_line' id='line_1_33' title="bbox 194 2271 1561 2326; baseline -0.007 -10"><span class='ocrx_word' id='word_1_283' title='bbox 194 2289 350 2318; x_wconf 84' lang='lat' dir='ltr'><strong>summa</strong></span> <span class='ocrx_word' id='word_1_284' title='bbox 385 2276 604 2326; x_wconf 86' lang='lat' dir='ltr'><strong>integritate</strong></span> <span class='ocrx_word' id='word_1_285' title='bbox 642 2274 965 2324; x_wconf 84' lang='lat' dir='ltr'><strong>continentiaque</strong></span> <span class='ocrx_word' id='word_1_286' title='bbox 1002 2272 1218 2310; x_wconf 84' lang='lat' dir='ltr'><strong>deduxerit.</strong></span> <span class='ocrx_word' id='word_1_287' title='bbox 1279 2271 1387 2318; x_wconf 85' lang='lat' dir='ltr'><strong>Quid</strong></span> <span class='ocrx_word' id='word_1_288' title='bbox 1429 2278 1561 2309; x_wconf 71' lang='lat' dir='ltr'><strong>autmn</strong></span> 
     </span>
     <span class='ocr_line' id='line_1_34' title="bbox 194 2338 1561 2394; baseline -0.006 -12"><span class='ocrx_word' id='word_1_289' title='bbox 194 2344 352 2394; x_wconf 86' lang='lat' dir='ltr'><strong>reperiri</strong></span> <span class='ocrx_word' id='word_1_290' title='bbox 373 2351 452 2383; x_wconf 83' lang='lat' dir='ltr'><strong>tam</strong></span> <span class='ocrx_word' id='word_1_291' title='bbox 474 2343 662 2382; x_wconf 83' lang='lat' dir='ltr'><strong>eximium</strong></span> <span class='ocrx_word' id='word_1_292' title='bbox 684 2349 748 2381; x_wconf 83' lang='lat' dir='ltr'><strong>aut</strong></span> <span class='ocrx_word' id='word_1_293' title='bbox 765 2349 844 2380; x_wconf 82' lang='lat' dir='ltr'><strong>tarn</strong></span> <span class='ocrx_word' id='word_1_294' title='bbox 867 2339 1134 2391; x_wconf 80' lang='lat' dir='ltr'><strong>expetendum</strong></span> <span class='ocrx_word' id='word_1_295' title='bbox 1157 2345 1288 2390; x_wconf 84' lang='lat' dir='ltr'><strong>potest</strong></span> <span class='ocrx_word' id='word_1_296' title='bbox 1306 2351 1426 2389; x_wconf 79' lang='lat' dir='ltr'><strong>quarn</strong></span> <span class='ocrx_word' id='word_1_297' title='bbox 1449 2338 1561 2375; x_wconf 77' lang='lat' dir='ltr'><strong>istam</strong></span> 
     </span>
     <span class='ocr_line' id='line_1_35' title="bbox 195 2405 1562 2458; baseline -0.007 -8"><span class='ocrx_word' id='word_1_298' title='bbox 195 2411 386 2458; x_wconf 82' lang='lat' dir='ltr'><strong>virtutem,</strong></span> <span class='ocrx_word' id='word_1_299' title='bbox 414 2411 732 2449; x_wconf 85' lang='lat' dir='ltr'><strong>moderationem</strong></span> <span class='ocrx_word' id='word_1_300' title='bbox 764 2409 896 2455; x_wconf 86' lang='lat' dir='ltr'><strong>animi,</strong></span> <span class='ocrx_word' id='word_1_301' title='bbox 928 2407 1230 2458; x_wconf 74' lang='lat' dir='ltr'><strong>temperantiam</strong></span> <span class='ocrx_word' id='word_1_302' title='bbox 1263 2418 1343 2444; x_wconf 90' lang='lat' dir='ltr'><strong>non</strong></span> <span class='ocrx_word' id='word_1_303' title='bbox 1376 2405 1492 2444; x_wconf 79' lang='lat' dir='ltr'><strong>latere</strong></span> <span class='ocrx_word' id='word_1_304' title='bbox 1526 2405 1562 2440; x_wconf 90' lang='lat' dir='ltr'><strong>in</strong></span> 
     </span>
    </p>
   </div>
  </div>
 </body>
</html>
