1747 2620
131 89 176 121 Π.
201 94 232 128 7·
371 76 546 118 ROME³S
575 85 703 117 RULE
737 85 796 116 oF
826 85 923 116 HER
956 84 1242 116 PROVINCES.
1411 86 1464 125 24
1469 85 1494 127 5

131 190 174 237 is,
197 201 316 240 quem
345 188 417 228 iste
449 193 486 227 et
516 187 692 226 audierat
721 186 844 225 multa
875 199 1010 225 secum
1042 185 1243 237 praeclara
1273 184 1430 231 habere,
1458 190 1495 221 et

132 256 413 307 suspicabatur.
472 254 593 293 Mittit
632 253 781 292 homini
815 265 980 292 munera
1015 252 1107 291 satis
1142 252 1271 302 large;
1317 251 1415 289 haee
1446 249 1495 287 ad

73 336 115 360 20
133 337 248 364 usum
270 323 560 363 domesticum:
591 322 679 369 olei,
697 322 787 368 vini,
809 321 919 372 quod
940 321 1066 359 visum
1087 327 1194 359 erat:
1225 319 1344 358 etiam
1368 318 1494 364 tritici,

133 391 242 443 quod
264 391 356 430 satis
377 397 492 437 esset,
514 390 563 429 de
595 390 675 429 suis
697 389 886 428 decumis.
946 387 1102 426 Deinde
1135 387 1265 438 ipsum
1286 398 1420 436 regem
1447 385 1496 423 ad

133 470 301 498 coenam
329 458 511 497 vocavit:
557 467 722 496 exornat
763 455 893 506 ample
933 455 1223 506 magnificeque
1263 453 1494 492 triclinium:

133 526 297 577 exponit
326 538 384 572 ea,
405 525 547 577 quibus
579 525 814 571 abundabat,
836 523 1004 574 plurima
1035 534 1081 560 ac
1111 520 1373 572 pulcherrima
1403 531 1496 557 vasa

134 600 342 645 argentea:
374 593 560 631 omnibus
589 599 695 631 curat
723 592 839 630 rebus
867 591 1101 629 instructum
1123 596 1159 627 et
1184 594 1364 638 paratum
1387 593 1429 625 ut
1450 586 1497 624 sit

76 673 113 706 25
135 661 367 700 convivium.
428 659 536 708 Quid
566 659 714 698 multa?
745 671 812 697 rex
844 658 896 696 ita
927 657 1118 703 discessit,
1146 663 1188 694 ut
1220 662 1258 694 et
1288 656 1406 693 istum
1431 665 1497 692 co-

134 729 246 780 piose
266 734 447 767 ornatum
470 733 508 765 et
529 738 571 765 se
592 725 809 765 honorifice
830 732 1038 775 acceptum
1059 724 1320 762 arbitraretur.
1366 721 1496 759 Vocat

135 795 185 834 ad
207 807 375 835 coenam
396 794 539 833 deinde
560 793 644 844 ipse
672 800 895 844 praetorem
913 804 922 830 :
955 791 1117 842 exponit
1139 802 1230 829 suas
1253 790 1390 840 copias
1412 800 1497 827 om-

135 874 218 910 nes,
247 862 416 901 multum
446 868 664 912 argentum,
696 872 779 899 non
820 872 947 910 pauca
976 859 1093 897 etiam
1129 857 1274 908 pocula
1305 869 1352 895 ex
1385 867 1495 898 auro,

136 942 248 982 quae,
269 936 312 968 ut
341 941 429 968 mos
459 935 518 968 est
547 929 676 979 regius
707 935 745 966 et
774 928 944 966 maxime
976 927 1015 964 in
1049 926 1167 976 Syria,
1190 924 1357 975 gemmis
1389 930 1498 962 erant

24 998 32 1002 ”
76 1006 119 1038 30
137 997 321 1036 distincta
336 996 571 1035 clarissimis.
616 995 711 1034 Erat
731 995 848 1034 etiam
870 1007 937 1032 vas
955 994 1146 1032 vinarium
1168 1005 1215 1030 ex
1238 1004 1317 1030 una
1337 1003 1497 1042 gemma

136 1064 358 1116 pergrandi,
389 1063 500 1102 trulla
539 1070 737 1110 excavata,
769 1062 978 1100 manubrio
1019 1072 1162 1099 aureo:
1195 1060 1243 1098 de
1275 1071 1353 1109 qua
1393 1059 1496 1100 satis,

137 1131 268 1178 credo,
305 1131 495 1170 idoneum
535 1131 630 1169 satis
669 1142 830 1180 gravem
870 1137 1010 1168 testem
1042 1128 1093 1175 Q.
1116 1118 1337 1166 Minucium
1369 1125 1497 1164 dicere

138 1198 311 1237 audistis.
369 1197 450 1236 Iste
471 1209 593 1235 unum
615 1197 802 1248 quodque
823 1208 890 1234 vas
911 1196 951 1233 in
972 1207 1114 1233 manus
1137 1206 1305 1239 sumere,
1323 1191 1497 1237 laudare,

138 1266 279 1305 mirari.
340 1264 428 1304 Rex
457 1264 642 1316 gaudere,
665 1264 833 1315 praetori
864 1263 1000 1315 populi
1031 1261 1206 1301 Romani
1238 1261 1330 1300 satis
1360 1260 1499 1300 iucun-

80 1347 120 1380 35
140 1334 235 1374 dum
273 1340 312 1373 et
350 1340 505 1384 gratum
549 1332 643 1371 illud
688 1344 775 1370 esse
820 1331 1052 1369 convivium.
1111 1329 1377 1380 Posteaquam
1408 1327 1499 1365 inde

139 1401 358 1441 discessum
387 1407 457 1447 est,
489 1400 659 1450 cogitare
699 1400 770 1437 iste
802 1398 896 1436 nihil
927 1398 1043 1444 aliud,
1076 1397 1184 1448 quod
1215 1397 1301 1447 ipsa
1339 1407 1400 1434 res
1432 1395 1499 1433 de-

85 1476 92 1484 ‘
139 1469 307 1516 claravit,
337 1468 412 1507 nisi
451 1466 791 1519 quemadmodum
831 1478 965 1516 regem
1005 1478 1026 1504 e
1057 1465 1259 1515 provincia
1288 1463 1500 1514 spoliatum

140 1536 434 1587 expilatumque
466 1534 686 1572 dimitteret.
749 1533 868 1571 Mittit
898 1538 1082 1582 rogatum
1103 1544 1195 1570 vasa
1220 1543 1266 1570 ea
1291 1543 1392 1581 quae
1414 1529 1499 1580 pul-

140 1603 332 1643 cherrima
369 1602 476 1653 apud
507 1601 614 1640 illum
644 1600 815 1639 viderat:
845 1601 897 1639 ait
927 1612 968 1638 se
1000 1600 1079 1638 suis
1111 1599 1372 1638 caelatoribus
1403 1595 1499 1635 velle

80 1688 122 1721 40
141 1669 362 1710 ostendere.
422 1668 522 1716 Rex,
544 1669 610 1719 qui
638 1668 753 1706 istum
785 1679 866 1706 non
895 1675 1042 1714 nosset,
1065 1667 1148 1705 sine
1174 1667 1250 1704 ulla
1277 1663 1502 1716 suspicione

141 1737 395 1776 libentissime
417 1736 534 1775 dedit.
595 1734 716 1773 Mittit
736 1735 851 1773 etiam
875 1734 1026 1773 trullam
1049 1745 1274 1784 gemmeam
1296 1739 1500 1782 rogatum:

141 1805 236 1844 velle
257 1817 299 1844 se
319 1816 408 1843 eam
430 1803 654 1855 diligentius
676 1803 937 1841 considerare.
998 1802 1057 1840 Ea
1077 1814 1236 1852 quoque
1259 1801 1293 1839 ei
1316 1799 1489 1838 mittitur.

201 1885 235 1911 2.
267 1871 387 1911 Nunc
414 1871 617 1922 reliquum,
640 1870 798 1916 iudices,
821 1870 1020 1915 attendite,
1043 1869 1091 1907 de
1122 1880 1202 1918 quo
1232 1874 1270 1906 et
1294 1879 1364 1905 vos
1395 1865 1503 1904 audi-

143 1941 224 1987 stis,
254 1946 292 1978 et
321 1938 491 1990 populus
533 1938 740 1976 Romanus
771 1949 852 1975 non
883 1949 988 1975 nunc
1020 1937 1190 1987 primurn
1222 1935 1365 1982 audiet,
1397 1941 1433 1972 et
1465 1933 1503 1970 in

82 2018 122 2050 45
143 2006 285 2045 exteris
315 2005 542 2044 nationibus
572 2016 697 2054 usque
727 2003 777 2041 ad
812 2003 968 2040 ultimas
998 2008 1118 2040 terras
1145 2008 1402 2052 pervagatum
1433 2007 1501 2037 est.

143 2072 435 2113 Candelabrum
464 2084 484 2110 e
506 2071 674 2121 gemmis
701 2070 924 2109 clarissimis
951 2082 1071 2120 opere
1096 2069 1262 2107 mirabili
1285 2067 1502 2118 perfectum

143 2153 256 2192 reges
285 2139 335 2187 hi,
357 2151 459 2191 quos
489 2139 590 2185 dico,
624 2138 797 2176 Romam
828 2150 949 2189 quum
981 2137 1210 2184 attulissent,
1243 2144 1284 2174 ut
1314 2137 1352 2174 in
1385 2135 1502 2185 Capi-

143 2209 238 2248 tolio
268 2213 473 2259 ponerent,
504 2206 612 2257 quod
643 2205 821 2244 nondum
853 2204 1070 2256 perfectum
1103 2204 1293 2255 templum
1325 2203 1497 2242 offende-

145 2283 242 2323 rant,
264 2287 391 2326 neque
413 2286 562 2325 ponere
584 2280 806 2324 potuerunt,
826 2285 954 2323 neque
977 2272 1093 2321 vulgo
1116 2272 1325 2310 ostendere
1348 2284 1392 2309 ac
1415 2283 1503 2320 pro-

85 2343 243 2390 50se1·re
283 2342 512 2389 voluerunt;
549 2349 590 2380 ut
625 2346 662 2379 et
693 2339 1009 2390 magnificentius
1041 2340 1245 2383 videretur,
1277 2351 1398 2388 quun]
1431 2349 1503 2375 suo

146 2418 323 2461 tempore
354 2409 393 2447 in
421 2408 517 2448 cella
546 2407 650 2446 Iovis
672 2406 822 2458 Optimi
857 2406 1020 2444 Maximi
1044 2413 1265 2456 poneretur,
1291 2413 1326 2442 ct
1348 2404 1499 2449 clarius,
