1747 2620
143 79 256 119 11.13.
398 68 576 111 ROME'S
605 77 733 111 RULE
765 78 824 110 OF
855 79 950 110 HER
985 79 1268 116 RROVINCES.
1423 81 1499 125 271

141 182 268 233 posui,
289 188 372 220 tum
402 194 471 227 eos
501 181 676 220 hortatus
708 194 806 227 sum,
829 188 870 220 ut
902 194 1043 220 causae
1077 182 1280 220 communi
1313 182 1504 233 salutique

139 260 189 287 ne
228 249 434 288 deessent:
485 256 527 287 ut
557 249 661 288 illam
692 249 974 295 laudationem,
1005 261 1126 300 quam
1167 261 1209 287 se
1245 250 1280 287 vi
1320 262 1365 288 ac
1397 258 1503 287 metu

138 322 312 364 coactos,
350 316 488 367 paucis
534 315 606 354 illis
655 315 805 362 diebus,
846 316 1029 355 decresse
1070 316 1267 363 dicebant,
1309 316 1501 355 tollerent.

53 399 89 432 5¹
98 399 115 433 5
137 382 287 434 Itaque,
310 383 468 431 iudices,
493 382 729 434 Syracusani
749 383 848 422 haec
879 383 1038 430 faciunt,
1061 383 1172 422 istius
1194 383 1356 422 clientes
1384 391 1502 435 atque

135 450 262 488 amici.
321 449 496 488 Primum
518 450 613 488 mihi
642 450 789 489 litteras
810 449 1001 500 publicas,
1024 463 1123 501 quas
1152 451 1192 488 in
1215 452 1365 490 aerario
1387 464 1500 490 sanc·

133 517 231 556 tiore
270 517 450 557 conditas
489 517 699 565 habebant,
741 517 971 569 proferunt:
1019 519 1059 556 in
1100 518 1242 569 quibus
1284 518 1500 571 ostendunt

132 584 278 632 omnia,
308 597 410 636 quae
450 585 529 623 dixi
568 585 697 623 ablata
737 598 836 631 esse,
868 586 1097 637 perscripta,
1139 592 1178 624 et
1217 586 1330 637 plura
1368 588 1497 633 etiam,

132 663 251 702 quam
273 663 349 702 ego
377 653 488 703 potui
520 652 671 691 dicere:
704 653 921 703 perscripta
949 660 1081 691 autem
1103 652 1179 691 hoc
1208 653 1357 692 modo:
1390 666 1497 697 Qt‘on

47 733 112 766 520
131 730 184 756 Ex
213 731 318 758 AEDE
355 731 559 758 MINERVAE
589 731 667 759 Hoc
697 732 748 758 ET
787 732 909 758 ILLUD
941 732 1134 759 ABESSET:
1175 732 1284 765 ouon
1315 733 1364 759 nx
1394 733 1497 760 AEDE

128 796 241 833 IOVIS,
272 798 379 831 QUOD
408 798 458 825 Ex
488 799 590 825 AEDE
620 799 776 825 LIBERI:
826 793 868 825 ut
898 788 1064 838 quisque
1097 788 1152 826 eis
1182 789 1299 826 rebus
1340 788 1495 827 tuendis

129 853 489 905 conservandisque
520 853 752 904 praefuerat,
783 855 835 892 ita
865 856 1126 905 perscriptum
1157 862 1249 902 erat,
1281 868 1404 906 quum
1434 868 1494 893 ra-

128 920 277 959 tionem
306 933 328 960 e
358 921 444 972 lege
475 921 665 968 redderet,
687 928 725 959 et
752 933 854 972 quae
882 929 1100 973 acceperat,
1123 922 1283 961 deberet
1313 923 1492 962 tradere:

128 988 283 1039 petisse,
306 996 348 1027 ut
378 988 462 1035 sibi,
484 989 593 1040 quod
623 988 697 1026 hae
725 1001 786 1027 res
814 989 1008 1035 abessent,
1032 990 1330 1040 ignosceretur:
1363 990 1493 1041 itaque

43 1066 106 1099 325
127 1066 269 1094 omnes
297 1055 481 1094 liberatos
513 1056 754 1102 discessisse,
777 1064 815 1095 et
837 1068 923 1095 esse
944 1057 1126 1106 ignotum
1148 1057 1335 1095 omnibus
1355 1071 1362 1094 :
1394 1069 1491 1108 quas

127 1133 204 1171 ego
237 1121 384 1161 litteras
412 1122 684 1173 obsignandas
717 1122 877 1173 publico
909 1123 1024 1172 signo
1056 1123 1402 1174 deportandasque
1424 1137 1490 1162 cu-

126 1190 217 1228 ravi.
249 1189 311 1228 De
331 1189 556 1229 laudatione
572 1196 703 1229 autem
720 1191 819 1228 ratio
841 1191 896 1229 sic
918 1190 1014 1228 mihi
1038 1191 1190 1229 reddita
1211 1198 1281 1229 est.
1313 1190 1490 1230 Primum

127 1268 250 1307 quum
289 1261 312 1295 a
351 1256 397 1296 C.
428 1256 552 1295 Verre
581 1257 729 1296 litterae
759 1257 960 1309 aliquanto
991 1264 1081 1296 ante
1103 1258 1315 1296 adventum
1355 1271 1489 1298 meum

125 1322 173 1362 de
204 1324 428 1364 laudatione
458 1325 666 1372 venissent,
688 1324 783 1363 nihil
813 1336 899 1364 esse
926 1325 1154 1364 decretum:
1187 1325 1342 1373 deinde,
1365 1339 1488 1377 quum

41 1405 106 1444 330
124 1391 285 1442 quidam
325 1404 374 1430 ex
422 1391 523 1430 illius
561 1392 698 1431 amicis
738 1399 1050 1439 commonerent,
1094 1400 1278 1443 oportere
1318 1394 1486 1441 decerni,

124 1458 299 1497 maximo
329 1470 416 1513 esse
448 1459 618 1498 clamore
649 1466 686 1497 et
716 1460 895 1498 convicio
927 1459 1184 1510 repudiatos:
1225 1468 1485 1511 posteaquam

124 1537 235 1563 meus
255 1525 446 1564 adventus
468 1524 815 1577 appropinquaret,
838 1527 1052 1576 imperasse
1075 1539 1177 1573 eum,
1202 1528 1268 1577 qui
1291 1540 1484 1567 summam

124 1597 356 1642 potestatem
392 1592 563 1639 haberet,
595 1600 637 1632 ut
667 1593 946 1632 decernerent:
998 1593 1200 1632 decretum
1233 1595 1284 1632 ita
1315 1607 1412 1642 esse,
1445 1605 1484 1634 ut

122 1659 246 1698 multo
276 1660 364 1711 plus
394 1660 445 1698 illi
467 1660 639 1699 laudatio
660 1661 762 1707 mali,
785 1673 905 1711 quarn
928 1661 1021 1699 boni
1054 1666 1192 1711 posset
1223 1661 1374 1700 afferre.
1436 1663 1484 1701 Id

39 1737 101 1772 335
122 1727 235 1774 adeo,
257 1727 416 1775 iudices,
438 1733 480 1766 ut
509 1727 604 1765 mihi
634 1728 684 1766 ab
714 1727 788 1766 illis
819 1727 1131 1766 demonstratum
1163 1735 1233 1774 est,
1255 1729 1309 1767 sic
1332 1740 1401 1767 vos
1434 1741 1482 1768 ex

123 1805 186 1832 me
215 1795 458 1844 cognoscite.

183 1872 243 1910 13.
273 1859 367 1900 Mos
388 1867 447 1899 est
478 1860 693 1912 SyracusiS‚
715 1868 767 1908 ut,
790 1862 821 1900 si
849 1873 928 1912 qua
955 1861 1004 1899 de
1034 1873 1074 1899 re
1103 1861 1153 1899 ad
1184 1869 1363 1900 senatum
1386 1863 1481 1901 rese-

122 1934 238 1975 ratur,
260 1928 362 1967 dicat
383 1929 618 1967 sententiam
639 1929 706 1979 qui
734 1929 834 1967 velit.
894 1928 1141 1967 Nominatim
1168 1942 1287 1967 nemo
1311 1939 1480 1980 rogatur.

121 1994 172 2034 Et
191 2002 337 2043 tamen,
356 2003 398 2035 ut
425 1997 592 2047 quisque
619 1996 772 2035 honore
802 2004 839 2035 et
867 2003 994 2035 aetate
1021 1996 1232 2044 antecedit,
1253 1998 1305 2035 ita
1332 1999 1480 2048 primus

37 2078 102 2112 340
121 2063 221 2102 solet
250 2075 321 2102 sua
345 2070 487 2114 sponte
514 2064 669 2101 dicere:
701 2063 819 2114 idque
850 2076 873 2102 a
893 2064 1031 2102 ceteris
1052 2065 1086 2101 ei
1110 2064 1350 2103 conceditur.
1411 2065 1479 2103 Sin

120 2129 333 2180 aliquando
354 2136 486 2169 tacent
506 2142 659 2176 omneS,
676 2137 769 2168 tunc
786 2130 921 2168 sortito
939 2137 1134 2181 coguntur
1150 2131 1291 2169 dicere,
1343 2131 1478 2179 Quum

119 2195 182 2236 hic
202 2209 291 2236 mos
312 2204 428 2247 esset,
450 2196 611 2235 refertur
632 2196 681 2234 ad
703 2204 883 2235 senatum
906 2197 954 2235 de
976 2196 1202 2236 laudatione
1224 2196 1370 2236 Verris.
1434 2199 1479 2236 In

118 2276 198 2316 quo
215 2265 397 2316 primum,
412 2271 453 2302 ut
469 2264 612 2314 aliquid
628 2271 730 2302 esset
747 2275 893 2308 morae,
911 2263 1020 2301 multi
1038 2263 1302 2314 interpellant:
1325 2265 1372 2302 de
1389 2264 1478 2303 Sex.

118 2330 340 2379 Peducaeo,
354 2331 420 2381 qui
437 2329 485 2369 de
507 2330 568 2368 illa
582 2331 734 2369 civitate
749 2338 910 2380 totaque
932 2331 1133 2380 provincia
1147 2331 1296 2380 optime
1319 2333 1479 2370 meritus

35 2413 97 2448 345
117 2405 230 2446 esset,
266 2409 352 2437 sese
384 2405 510 2445 antea,
547 2409 668 2449 quum
705 2397 906 2434 audissent
934 2398 968 2435 ei
1004 2397 1208 2447 negotium
1242 2397 1478 2445 lacessitum,

764 2475 789 2502 υ
813 2476 832 2501 2
