1731 2620
214 96 293 135 242
576 94 828 126 EXTRAOTS
858 96 996 128 FROM
1025 97 1207 128 CICERO.
1415 99 1494 130 Sect.
1511 99 1552 130 V.

211 206 311 237 ratas
332 199 461 246 fuisse,
483 207 524 238 ut
557 201 625 240 iste
656 202 695 240 in
727 202 891 240 furando
922 203 1105 241 manibus
1135 203 1226 250 suis,
1247 202 1371 242 oculis
1400 203 1553 242 illorum

211 272 387 303 uteretur.
448 267 500 304 At
535 267 585 304 ita
620 268 817 306 studiosus
851 276 908 306 est
949 268 1061 306 huius
1100 268 1320 319 praeclarae
1359 269 1554 308 existima-

211 331 336 377 tionis,
366 339 407 370 ut
439 340 591 382 putetur
623 335 661 371 in
694 334 800 373 hisce
834 336 948 373 rebus
982 335 1199 385 intelligens
1231 348 1329 383 esse,
1356 342 1399 375 ut
1430 349 1555 388 nuper

212 397 352 443 (videte
373 397 542 437 hominis
563 401 790 442 amentiam)
817 408 1074 451 posteaquam
1097 409 1154 440 est
1172 403 1552 453 comperendinatus,

209 475 330 512 quum
363 465 439 502 iam
473 477 544 515 pro
570 466 756 505 damnato
782 474 1016 518 mortuoque
1049 475 1162 513 esset,
1183 468 1282 507 ludis
1303 467 1552 508 Circensibus
1572 484 1612 518 55

209 542 324 567 mane
359 531 463 580 apud
499 531 541 570 L.
576 533 795 578 Sisennam,
831 534 953 571 virum
989 534 1226 584 primarium,
1261 547 1383 585 quum
1421 543 1554 575 essent

210 596 374 634 triclinia
406 605 522 636 strata
555 607 840 650 argentumque
871 602 1095 651 expositum
1125 602 1164 640 in
1195 602 1379 650 aedibus3
1419 615 1551 654 quum,

209 675 280 712 pro
309 663 492 713 dignitate
515 664 559 702 L.
583 665 783 711 Sisennae,
807 667 948 705 domus
976 674 1078 706 esset
1105 668 1221 718 plena
1249 668 1454 707 hominum
1479 669 1552 708 ho-

208 730 531 776 nestissimorum,
571 733 733 770 accessit
779 733 827 771 ad
876 742 1092 783 argentum,
1133 735 1386 785 contemplari
1428 748 1551 774 unum

207 795 389 845 quodque
411 798 535 835 otiose
557 806 592 835 et
616 799 864 837 considerare
887 800 1026 849 coepit.
1087 799 1220 838 Mirari
1248 800 1447 839 stultitiam
1476 801 1550 848 alii,
1571 808 1613 842 60

206 861 312 911 quod
349 863 386 900 in
423 863 509 913 ipso
544 864 685 902 iudicio
714 866 796 903 eius
831 866 951 916 ipsius
983 867 1214 917 cupiditatis,
1250 868 1360 906 cuius
1389 868 1550 908 insimu-

206 927 355 973 laretur,
378 930 642 979 suspicionem
670 939 849 980 augerct;
891 932 952 969 alii
984 934 1206 980 amentiam,
1228 934 1288 972 cui
1320 945 1550 984 comperen-

206 994 350 1040 dinato,
373 1007 492 1046 quum
525 1004 602 1033 tam
637 997 744 1034 multi
776 1005 892 1036 testes
925 998 1123 1045 dixissent,
1149 999 1363 1050 quidquam
1397 1000 1550 1039 illorum

206 1061 349 1099 veniret
381 1062 418 1098 in
448 1071 633 1100 mentem.
695 1063 805 1100 Pueri
828 1071 957 1102 autem
981 1064 1180 1111 Sisennae,
1202 1065 1333 1112 credo,
1355 1067 1421 1118 qui
1442 1067 1550 1105 audi-

205 1128 361 1173 visscnt,
382 1140 482 1178 quae
504 1129 540 1165 in
572 1130 686 1167 istum
709 1130 930 1168 testimonia
951 1130 1054 1169 dicta
1080 1139 1221 1177 essent,
1243 1132 1380 1171 oculos
1401 1133 1451 1172 de
1476 1133 1551 1171 isto
1571 1138 1611 1179 65

206 1205 399 1243 nusquam
421 1195 597 1240 deiicere,
621 1208 747 1246 neque
769 1197 819 1233 ab
840 1204 1003 1247 argento
1026 1198 1188 1247 digitum
1211 1197 1422 1237 discedere.
1480 1197 1551 1237 Est

204 1260 299 1297 boni
320 1261 468 1306 iudicis,
490 1263 616 1311 parvis
638 1274 685 1300 ex
715 1263 831 1300 rebus
853 1263 1116 1301 coniecturam
1139 1263 1265 1303 facere
1289 1264 1404 1303 unius
1424 1265 1551 1304 cuius-

205 1340 280 1377 que
303 1334 339 1365 et
360 1328 582 1378 cupiditatis
603 1336 640 1366 et
661 1329 977 1368 incontinentiae.
1042 1329 1121 1377 Qui
1153 1342 1252 1377 reus,
1279 1337 1317 1369 et
1349 1343 1437 1370 reus
1464 1331 1550 1382 lege

205 1394 587 1444 comperendinatus,
611 1407 650 1433 re
672 1403 708 1433 et
729 1396 916 1445 opinione
945 1396 1148 1434 hominurn
1175 1408 1301 1447 paene
1330 1397 1552 1443 damnatus,

204 1462 275 1499 sibi
297 1470 514 1512 temperare
536 1474 616 1500 non
635 1463 803 1512 potuerit
824 1464 998 1501 maximo
1015 1470 1221 1509 conventu,
1239 1464 1334 1514 quin
1354 1463 1399 1502 L.
1419 1464 1550 1504 Sisen-
1572 1474 1613 1508 70

204 1540 277 1565 nae
312 1535 517 1577 argentum
551 1535 730 1567 tractaret
755 1536 793 1568 ct
817 1529 1104 1577 consideraret3
1146 1530 1249 1569 hunc
1280 1532 1319 1569 in
1351 1531 1552 1581 provincia.

205 1601 425 1644 praetorem
461 1595 666 1645 quisquam
702 1596 852 1645 putabit
888 1608 910 1633 a
947 1595 1166 1634 Siculorum
1201 1604 1366 1646 argento
1401 1597 1552 1648 cupidi·

205 1667 323 1697 tatem
345 1668 409 1697 aut
430 1673 570 1697 manus
592 1661 784 1699 abstinere
805 1662 1005 1711 potuisse?

476 1836 516 1869 6.
550 1829 653 1868 How
675 1831 864 1868 Diodorus
885 1843 966 1868 was
986 1833 1043 1869 all
1059 1832 1125 1869 bul
1141 1832 1279 1872 robbed.

266 1943 296 1968 1.
329 1930 545 1969 Melitensis
577 1930 775 1969 Diodorus
807 1939 875 1977 est,
899 1934 962 1982 qui
997 1933 1101 1983 apud
1132 1946 1202 1972 vos
1234 1942 1350 1973 antea
1376 1935 1550 1974 testimo·

205 1998 314 2034 nium
335 1997 440 2035 dixit.
502 1997 541 2035 Is
567 1997 741 2047 Lilybaei
762 1998 906 2036 multos
936 2000 1013 2037 iarn
1041 2012 1168 2039 annos
1194 2000 1352 2048 habitat,
1371 2001 1492 2040 homo
1513 2009 1551 2040 et

206 2063 312 2101 domi
342 2063 494 2109 nobilis,
516 2071 553 2102 et
580 2064 685 2113 apud
713 2075 794 2110 eos,
815 2076 894 2114 quo
922 2077 962 2103 se
991 2066 1163 2113 contulit,
1185 2074 1347 2118 propter
1371 2068 1549 2106 virtutem

207 2129 434 2179 splendidus
455 2137 492 2167 et
512 2130 715 2179 gratiosus.
775 2129 836 2168 De
865 2130 942 2169 hoc
972 2131 1085 2170 Verri
1119 2132 1266 2181 dicitur,
1288 2133 1432 2172 habere
1458 2146 1549 2173 eum

205 2196 381 2244 perbona
397 2202 614 2233 toreumata
626 2208 636 2242 ς
665 2196 703 2233 in
724 2195 783 2233 his
800 2197 942 2246 pocula
963 2197 1042 2236 duo
1063 2199 1270 2248 quaedam,
1288 2212 1388 2250 quae
1409 2199 1548 2238 Theri-
1567 2214 1585 2246 5

206 2263 289 2300 clea
304 2263 566 2307 nominantur,
582 2261 775 2300 Mentoris
791 2276 910 2301 manu
924 2276 1080 2303 summo
1097 2266 1258 2305 artificio
1274 2266 1385 2306 facta.
1427 2266 1548 2314 Quod

206 2329 277 2367 iste
309 2329 375 2367 ubi
407 2328 561 2374 audivit,
595 2329 648 2366 sic
681 2329 889 2378 cupiditate
922 2330 1186 2371 inflammatus
1217 2338 1276 2371 est
1306 2345 1387 2371 non
1419 2333 1547 2372 solum

205 2394 452 2446 inspiciundi‚
474 2407 606 2433 verum
629 2395 743 2432 etiam
766 2395 974 2442 auferendi,
997 2404 1036 2435 ut
1057 2397 1278 2436 Diodorum
1299 2398 1348 2437 ad
1369 2411 1411 2438 se
1431 2411 1546 2438 voca-
