1731 2620
231 81 312 132 246
586 89 834 122 EXTRAcTS
863 91 998 123 FROM
1029 91 1210 126 CICERO.
1429 92 1510 124 Seet.
1533 93 1574 122 v.

231 203 349 240 quum
391 190 639 240 pulchritudo
679 192 761 230 eius
791 204 928 231 recens
967 192 1016 231 ad
1046 191 1182 231 oculos
1221 191 1427 231 hominum
1456 197 1572 242 atque

231 257 379 306 integra
409 258 649 307 perveniret:
696 264 908 296 statuerunt
939 258 976 296 id
1015 271 1148 297 secum
1179 259 1219 297 in
1260 258 1410 309 Syriam
1439 269 1572 308 repor-

231 330 321 369 tare,
352 330 404 368 ut,
432 335 553 373 quum
584 323 785 362 audissent
815 324 1062 363 simulacrum
1092 325 1197 363 Iovis
1227 324 1376 375 Optimi
1406 322 1572 362 Maximi

231 389 464 434 dedicatum,
498 390 648 439 legatos
678 391 884 436 mitterent,
920 392 985 441 qui
1017 403 1106 429 curn
1145 391 1281 430 ceteris
1321 391 1437 430 rebus
1479 390 1572 429 illud
1591 401 1631 434 55

231 467 388 506 quoque
423 456 608 494 eximium
644 468 688 494 ac
726 456 1028 506 pulcherrimum
1068 457 1217 495 donum
1255 457 1296 494 in
1335 456 1572 508 Capitolium

232 521 423 560 afferrent.
482 521 659 560 Pervenit
690 535 750 560 res
785 523 834 560 ad
873 523 981 561 istius
1021 535 1144 569 aures,
1180 523 1315 562 nescio
1354 523 1570 574 quomodo.

232 587 335 625 Nam
369 601 434 626 rex
470 589 636 626 celatum
670 589 863 635 voluerat3
906 601 986 627 non
1021 602 1100 639 quo
1135 590 1349 640 quidquam
1384 596 1573 628 metueret

231 661 295 692 aut
317 655 586 704 suspicaretur,
608 655 677 692 sed
698 662 737 693 ut
759 667 808 692 ne
829 655 937 692 multi
959 655 1051 693 illud
1071 663 1161 694 ante
1186 657 1430 706 perciperent
1450 655 1571 694 oculis

231 733 349 769 quam
378 721 546 771 populus
575 720 791 759 Romanus.
851 721 928 760 Iste
949 723 1045 772 petit
1072 735 1094 760 a
1114 735 1205 772 rege
1225 730 1262 761 et
1289 735 1379 761 eum
1399 722 1572 774 pluribus
1591 724 1634 757 60

233 788 356 825 verbis
387 794 509 836 rogat,
531 794 572 825 ut
602 787 640 825 id
670 787 719 825 ad
750 800 790 825 se
820 788 968 826 mittat:
999 800 1142 838 cupere
1177 801 1218 826 se
1249 789 1340 827 dicit
1369 789 1573 839 inspicere,

232 863 358 900 neque
381 863 421 888 se
444 851 526 888 aliis
543 851 697 888 videndi
720 857 952 900 potestatem
975 863 1059 890 esse
1081 851 1284 891 facturum.
1341 851 1574 899 Antiochus,

233 917 298 966 qui
320 917 451 954 animo
473 926 510 954 et
531 917 664 966 puerili
685 923 787 955 essct
807 923 845 955 et
865 918 984 967 regio,
1007 917 1101 955 nibil
1122 918 1169 956 de
1194 919 1302 956 istius
1327 918 1574 969 improbitate

234 985 452 1035 suspicatus
481 991 563 1022 est:
595 984 759 1033 imperat
787 985 874 1031 suis,
897 991 939 1022 ut
969 984 1006 1022 id
1036 985 1074 1022 in
1095 985 1332 1035 praetorium
1357 985 1573 1024 involutum

233 1063 350 1100 quarn
381 1051 641 1088 occultissime
682 1050 884 1088 deferrent.
944 1050 1036 1098 Quo
1075 1058 1334 1102 posteaquam
1368 1051 1574 1090 attulerunt
1592 1057 1633 1099 65

234 1117 517 1166 involucrisque
545 1116 696 1154 reiectis
718 1117 1022 1155 constituerunt:
1044 1118 1114 1156 iste
1136 1117 1303 1156 clamare
1328 1118 1469 1169 coepit,
1491 1118 1576 1168 dig-

234 1195 325 1220 nam
355 1195 436 1220 rem
467 1195 553 1220 esse
583 1194 706 1231 regno
738 1181 881 1232 Syriae,
903 1183 1062 1232 dignam
1084 1185 1192 1234 regio
1222 1197 1395 1232 munere,
1417 1185 1577 1235 dignam

235 1249 439 1299 Capitolio.
498 1249 655 1286 Etenim
686 1257 766 1287 erat
796 1261 844 1287 eo
875 1249 1094 1300 splendore,
1116 1251 1182 1301 qui
1212 1264 1259 1289 ex
1291 1251 1510 1290 clarissimis
1540 1259 1578 1291 et

235 1315 501 1366 pulcherrimis
530 1316 696 1365 gemmis
724 1328 809 1354 esse
838 1316 1028 1354 debebat:
1058 1329 1105 1355 ea
1128 1317 1310 1356 varietate
1337 1330 1515 1368 operum,
1535 1325 1578 1356 ut

235 1395 296 1420 ars
318 1389 463 1420 certare
484 1382 676 1420 videretur
696 1394 786 1420 curn
807 1383 946 1432 copia:
977 1395 1024 1421 ea
1044 1384 1324 1433 magnitudine,
1345 1391 1388 1423 ut
1416 1384 1578 1435 intelligi
1597 1393 1639 1429 70

236 1455 381 1499 posset,
399 1460 480 1486 non
497 1448 546 1486 ad
562 1449 765 1486 hominum
782 1456 1025 1499 apparatum,
1042 1450 1112 1488 sed
1128 1450 1177 1488 ad
1198 1451 1425 1500 amplissimi
1445 1450 1579 1501 templi

237 1521 509 1553 ornamentum
527 1527 611 1553 esse
634 1514 790 1553 sactum.
842 1514 962 1562 Quod
983 1529 1105 1567 quum
1126 1517 1218 1555 satis
1238 1517 1317 1555 iam
1332 1517 1579 1568 perspexisse

237 1582 440 1626 videretur,
472 1581 604 1618 tollere
644 1581 845 1630 incipiunt,
875 1588 917 1619 ut
955 1582 1151 1621 referrent.
1210 1582 1289 1621 Iste
1328 1583 1380 1621 ait
1413 1595 1455 1622 se
1484 1583 1580 1622 velle

238 1648 330 1686 illud
365 1648 480 1685 etiarn
520 1655 634 1697 atque
665 1648 780 1686 etiarn
820 1649 1089 1687 considerare:
1135 1662 1383 1701 nequaquam
1413 1662 1456 1689 se
1494 1662 1581 1688 esse

240 1715 442 1752 satiatum:
481 1714 586 1751 iubet
626 1714 709 1752 illos
749 1714 948 1753 discedere
978 1723 1015 1754 et
1045 1716 1323 1755 candelabrum
1351 1717 1578 1768 relinquere.
1601 1724 1640 1759 75

241 1781 303 1819 Sic
324 1781 375 1818 illi
397 1788 478 1818 turn
499 1781 635 1818 inanes
655 1780 705 1817 ad
726 1781 965 1819 Antiochum
986 1788 1238 1821 revertuntur.

296 1860 331 1896 3.
363 1846 449 1884 Rex
479 1847 605 1896 primo
636 1846 729 1883 nihil
759 1854 944 1894 metuere,
965 1848 1058 1885 nihil
1088 1848 1288 1898 suspicari.
1346 1849 1442 1888 Dies
1467 1862 1581 1897 unus,

241 1914 346 1960 alter,
368 1913 521 1962 plures:
550 1925 631 1950 non
658 1913 799 1950 referri.
858 1913 964 1951 Tum
994 1914 1107 1952 mittit
1135 1927 1202 1952 rex
1232 1915 1282 1953 ad
1308 1915 1438 1962 istum,
1459 1916 1490 1954 si
1510 1916 1583 1954 sibi

240 1980 424 2024 videatur,
447 1986 488 2016 ut
515 1979 661 2016 reddat.
720 1979 834 2018 Iubet
860 1980 931 2018 iste
953 1981 1146 2029 posterius
1167 1981 1217 2019 ad
1237 1993 1278 2020 se
1298 1981 1446 2020 reverti.
1505 1981 1583 2020 Mi-

241 2057 326 2082 rum
347 2045 397 2082 illi
418 2045 545 2083 videri.
605 2045 724 2083 Mittit
743 2046 902 2084 iterum:
934 2058 1014 2084 non
1035 2047 1216 2085 redditur.
1270 2047 1360 2097 Ipse
1379 2047 1581 2086 hominem
1601 2054 1644 2086 80

242 2113 412 2162 appellat
431 2127 438 2151 :
460 2120 583 2163 rogat,
604 2121 645 2152 ut
674 2114 822 2153 reddat.
881 2113 939 2153 Os
965 2114 1136 2154 hominis
1163 2116 1437 2166 insignemque
1457 2116 1583 2167 impu-

243 2179 415 2217 dentiam
455 2181 694 2229 cognoscite.
753 2180 874 2227 Quod
908 2182 1033 2224 sciret,
1069 2182 1254 2232 quodque
1288 2195 1337 2221 ex
1370 2182 1457 2232 ipso
1490 2195 1583 2233 rege

243 2246 414 2284 audisset
452 2246 491 2283 in
529 2246 724 2296 Capitolio
763 2260 848 2286 esse
876 2249 1117 2298 ponendum,
1152 2248 1260 2299 quod
1298 2249 1381 2288 Iovi
1421 2248 1584 2299 Optimo

243 2311 433 2358 Maximo,
464 2313 571 2362 quod
611 2313 757 2363 populo
789 2313 973 2353 Romano
1003 2315 1143 2353 servari
1182 2315 1335 2362 videret,
1366 2315 1404 2352 id
1443 2315 1515 2354 sibi
1543 2321 1585 2353 ut

244 2377 417 2425 donaret,
439 2390 576 2428 rogare
600 2385 637 2417 et
661 2379 908 2418 vehementer
938 2389 1068 2431 petere
1096 2382 1235 2432 coepit.
1294 2381 1429 2429 Quum
1454 2381 1515 2420 ille
1542 2393 1584 2420 se
1603 2383 1644 2425 85
