1731 2620
244 106 325 151 254
597 102 848 135 EXTRACTS
878 103 1017 135 FROM
1046 103 1228 136 CICERO.
1451 105 1531 138 Sect.
1548 106 1589 138 V.

240 219 320 257 quo
361 206 521 244 nomine
553 206 758 256 appellem,
790 206 935 252 nescio,
967 206 1075 258 quod
1105 206 1144 245 in
1175 205 1220 246 C.
1244 205 1419 246 Marcelli
1449 212 1586 246 statua.
1611 217 1648 251 75

240 273 347 320 Quid
378 279 437 310 est
465 272 566 311 hoc?
616 271 857 310 Patronusne
889 273 997 323 quod
1027 273 1135 311 erat?
1191 272 1298 320 Quid
1328 273 1438 312 turn?
1496 271 1589 320 Quo

239 339 277 376 id
317 339 496 389 spectat?
554 337 694 376 Utrum
735 351 781 377 ea
819 351 879 377 res
920 339 969 376 ad
1000 351 1131 390 opem,
1163 351 1213 377 an
1249 339 1299 377 ad
1329 339 1589 378 calamitatem

239 405 435 443 clientium
467 412 581 456 atque
612 405 811 456 hospitum
833 406 958 444 valere
988 406 1186 445 debebat?
1215 418 1266 444 an
1294 412 1335 445 ut
1359 405 1436 446 hoc
1457 413 1589 445 osten-

239 472 363 518 deres,
385 480 521 510 contra
542 473 618 509 vim
641 479 746 510 tuam
769 473 807 510 in
830 473 1003 523 patronis
1024 474 1207 524 praesidii
1228 473 1322 511 nihil
1342 473 1457 511 esse?
1487 471 1588 520 Quis

238 539 313 577 hoc
335 551 415 577 non
444 538 684 587 intelligeret,
706 539 746 576 in
775 539 942 588 improbi
972 539 1186 589 praesentis
1213 539 1378 589 imperio
1398 539 1588 577 maiorem
1608 544 1652 576 80

238 617 324 644 esse
346 606 434 651 vim,
457 617 572 655 quam
597 605 634 642 in
657 605 852 642 bonorum
874 605 1095 643 absentium
1116 605 1364 656 patrocinio?
1411 605 1477 644 An
1497 616 1589 644 vero

237 684 285 710 ex
326 672 401 710 hoc
432 671 494 708 illa
525 678 590 709 tua
629 671 835 720 singularis
875 671 1113 721 significatur
1142 671 1362 718 insolentia,
1393 671 1588 722 superbia,

238 738 511 776 contumacia?
557 736 755 775 detrahere
786 737 964 776 videlicet
993 737 1139 787 aliquid
1169 744 1206 776 te
1245 737 1294 776 de
1334 737 1588 788 amplitudine

238 804 513 844 Marcellorum
544 805 696 855 putasti.
756 805 893 856 Itaque
922 818 1028 844 nunc
1055 805 1274 844 Siculorum
1302 805 1477 844 Marcelli
1506 817 1588 844 non

239 880 327 911 sunt
348 873 522 922 patroni:
546 871 689 910 Verres
711 872 749 909 in
770 884 906 910 eorum
928 872 1058 910 locum
1080 873 1310 912 substitutus
1327 879 1396 911 est.
1455 871 1588 920 Quam
1609 880 1649 921 85

239 939 277 976 in
310 946 344 976 te
376 945 522 975 tantam
553 939 731 976 virtutem
763 951 848 976 esse
879 946 944 976 aut
975 938 1205 988 dignitatem
1235 938 1441 977 arbitratus
1470 949 1524 984 es,
1546 944 1589 976 ut

239 1017 426 1044 conarere
445 1004 662 1042 clientelam
686 1012 764 1042 tam
787 1005 984 1050 illustrem,
1002 1012 1081 1042 tam
1104 1004 1332 1055 splendidae
1352 1003 1588 1055 provinciae,

237 1071 438 1110 traducere
469 1071 518 1109 ad
550 1079 597 1116 te,
629 1071 778 1110 auferre
809 1083 831 1109 a
861 1072 1082 1110 certissimis
1123 1070 1480 1121 antiquissimisque
1518 1082 1588 1120 pa-

239 1138 390 1176 tronis?
448 1137 513 1175 Tu
544 1138 616 1175 ista
646 1138 813 1183 stultitia,
836 1138 1019 1187 nequitia,
1044 1137 1179 1175 inertia
1208 1148 1290 1175 non
1319 1136 1441 1175 modo
1470 1136 1588 1175 totius

239 1204 402 1248 Siciliae,
433 1203 502 1241 sed
531 1205 646 1241 unius
676 1204 892 1242 tenuissimi
925 1203 1042 1241 Siculi
1073 1203 1290 1241 clientelam
1321 1203 1418 1241 tuen'
1447 1202 1587 1253 potes?
1608 1210 1652 1244 90

240 1271 332 1309 Tibi
363 1269 537 1308 Marcelli
578 1277 704 1308 statua
733 1282 804 1320 pro
834 1269 1008 1320 patibulo
1049 1269 1088 1307 in
1119 1270 1279 1308 clientes
1309 1268 1587 1307 Marcellorum

240 1336 335 1374 suit?
367 1344 406 1374 tu
428 1348 475 1373 ex
499 1336 597 1374 illius
624 1336 774 1374 honore
796 1337 834 1374 in
856 1348 924 1374 eos
950 1337 1070 1385 ipsos,
1091 1336 1157 1386 qui
1178 1335 1371 1374 honorem
1394 1335 1445 1373 illi
1465 1335 1589 1373 habu-

239 1410 359 1448 erant,
382 1402 571 1452 supplicia
592 1403 835 1452 quaerebas?
893 1402 1000 1450 Quid
1028 1403 1191 1452 postea?
1222 1401 1315 1453 quid
1335 1401 1495 1440 tandem
1515 1401 1590 1440 tuis

240 1468 374 1506 statuis
406 1467 486 1506 sore
518 1469 776 1506 arbitrabare?
835 1469 899 1506 An
928 1480 1020 1506 vero
1051 1467 1101 1515 id,
1122 1467 1230 1518 quod
1259 1467 1425 1507 accidit?
1483 1466 1588 1505 Nam

242 1535 497 1584 Tyndaritani
538 1543 703 1572 statuam
745 1535 864 1581 istius,
905 1547 1023 1585 quarn
1064 1534 1136 1572 sibi
1175 1541 1335 1584 propter
1380 1532 1589 1572 Marcellos
1607 1546 1648 1581 95

241 1601 375 1639 altiore
405 1602 521 1638 etiam
552 1602 634 1639 basi
675 1602 769 1651 poni
800 1602 972 1647 iusserat,
1005 1600 1269 1647 deturbarunt,
1301 1600 1463 1639 simulac
1501 1612 1589 1639 suc-

241 1679 394 1705 cessum
426 1668 486 1705 isti
517 1667 732 1705 audierunt.

297 1748 333 1780 4.
364 1733 483 1772 Dedit
505 1746 610 1772 nunc
631 1734 746 1783 igitur
766 1734 833 1771 tibi
861 1733 1017 1771 fortuna
1045 1732 1264 1772 Siculorum
1290 1731 1335 1772 C.
1357 1731 1589 1771 Marcellum

243 1799 423 1845 iudicem,
445 1806 497 1845 ut,
520 1800 628 1838 cuius
657 1800 706 1838 ad
735 1807 902 1838 statuam
924 1799 1043 1838 Siculi
1065 1806 1101 1837 te
1123 1805 1301 1849 praetore
1322 1798 1589 1849 alligabantur,

241 1867 324 1905 eius
352 1867 527 1916 religioni
558 1875 594 1904 te
625 1867 807 1905 eumdem
835 1868 1007 1904 vinctum
1037 1866 1316 1916 astrictumque
1343 1865 1587 1904 dederemus.
1611 1883 1673 1906 100

242 1933 302 1970 Ac
323 1933 460 1982 primo,
483 1933 640 1978 iudices,
663 1933 740 1971 hoc
772 1934 928 1983 signum
950 1932 1133 1971 Mercurii
1162 1933 1316 1971 dicebat
1335 1932 1406 1970 iste
1427 1932 1590 1982 Tynda-

243 1999 388 2037 ritanos
428 1998 484 2037 M.
507 1998 696 2037 Marcello
726 1999 815 2038 huic
846 1999 1066 2037 Aesernino
1094 1998 1326 2045 vendidisse,
1357 2004 1474 2048 atque
1512 1997 1590 2036 hoc

243 2077 314 2103 sua
343 2077 461 2103 causa
489 2066 606 2103 etiam
633 2065 864 2103 Marcellum
891 2066 1018 2115 ipsum
1047 2065 1228 2115 sperabat
1257 2076 1343 2103 esse
1373 2064 1589 2103 dicturum:

243 2132 352 2182 quod
378 2131 472 2169 mihi
500 2144 715 2182 numquam
736 2132 938 2170 verisimile
959 2132 1085 2169 visum
1112 2138 1182 2178 est,
1206 2130 1498 2170 adolescentem
1523 2129 1589 2169 illo

242 2198 332 2236 loco
361 2204 507 2244 natum,
529 2205 738 2248 patronum
767 2197 928 2243 Siciliae,
950 2210 1098 2236 nomen
1126 2209 1241 2236 suurn
1267 2197 1329 2236 isti
1349 2196 1401 2235 ad
1419 2196 1588 2235 tralatio-
1610 2213 1672 2248 105

243 2276 334 2302 nem
355 2264 526 2302 criminis
547 2264 900 2302 commodaturum.
946 2263 1229 2302 Verumtamen
1244 2263 1297 2301 ita
1311 2275 1374 2301 res
1393 2262 1487 2300 mihi
1507 2268 1590 2302 tota

244 2331 397 2382 provisa
418 2337 534 2380 atque
556 2337 765 2380 praecauta
785 2338 854 2375 est,
875 2337 928 2376 ut,
949 2330 980 2369 si
1000 2330 1171 2368 maxime
1191 2336 1294 2368 esset
1313 2329 1505 2375 inventus,
1522 2329 1589 2379 qui

246 2401 284 2436 in
314 2410 355 2436 se
386 2397 580 2447 suscipere
611 2397 725 2435 istam
756 2396 910 2447 culpam
941 2396 1166 2446 crimenque
1196 2401 1367 2445 cuperet,
1397 2401 1528 2443 tamen
1555 2395 1590 2435 is
