1747 2620
145 104 186 134 11.
206 114 238 145 4.
382 90 559 134 ROME'S
590 102 717 133 RULE
751 101 810 132 OF
841 102 937 133 HER
972 103 1259 134 PROVINCES.
1421 106 1504 150 239

140 211 238 250 haec
273 211 386 261 signa
421 210 628 249 venderet:
670 216 785 261 t‘eque
817 211 889 249 ista
921 210 1170 249 simulatione
1200 209 1426 261 emptionis,
1459 210 1505 255 vi,

139 285 259 324 metu,
280 277 459 328 imperio,
477 277 660 323 fascibus,
682 278 731 315 ab
753 277 914 316 homine
935 290 996 324 eo,
1015 289 1133 328 quem
1155 290 1234 315 una
1255 289 1346 315 cum
1368 276 1507 314 ceteris

52 362 109 395 ¹45
140 344 258 383 sociis
279 356 360 382 non
382 344 511 383 solum
540 345 724 394 potestati
747 351 847 392 tuae,
871 345 939 383 sed
961 345 1080 383 etiam
1103 344 1193 382 fidei
1222 343 1394 394 populus
1425 342 1506 380 Ro·

139 423 280 450 manus
302 411 566 458 commiserat,
587 412 777 462 eripuisse
798 420 916 462 atque
937 412 1157 450 abstulisse.

197 488 231 528 7.
265 477 374 526 Quid
403 478 499 517 mihi
529 486 609 517 tam
639 480 872 530 optandum,
894 479 1055 526 iudices,
1078 485 1209 530 potest
1239 491 1325 518 esse
1356 479 1396 516 in
1430 478 1506 517 hoc

139 546 313 594 crimine,
334 559 455 598 quam
476 554 518 585 ut
538 547 635 586 haec
664 547 804 586 eadem
826 547 929 586 dicat
956 548 1041 598 ipse
1063 547 1220 586 Heius?
1279 546 1387 585 Nihil
1416 559 1507 598 pro-

139 613 253 653 fecto.
314 612 393 652 Sed
422 627 473 652 ne
510 614 679 652 difficilia
708 621 903 664 optemus.
964 614 1093 652 Heius
1128 621 1187 653 est
1222 613 1506 653 Mamertinus:

60 694 120 727 ¹50
139 680 378 720 Mamertina
399 681 532 720 civitas
560 682 677 719 istum
705 682 861 732 publice
883 682 1086 720 communi
1115 682 1281 720 consilio
1311 682 1396 721 sola
1427 682 1507 720 lau-

139 748 227 787 dat:
258 749 444 787 omnibus
465 749 548 799 ipse
570 749 708 787 ceteris
736 748 876 787 Siculis
897 748 991 787 odio
1013 756 1093 787 est:
1126 750 1175 787 ab
1204 749 1263 787 his
1286 749 1380 788 solis
1400 762 1508 788 ama·

140 823 222 854 tur:
254 816 335 854 eius
364 823 495 854 autem
522 816 743 866 legationis,
768 829 870 866 quae
901 815 951 854 ad
979 816 1096 854 istum
1125 816 1369 854 laudandum
1390 817 1507 854 missa

139 891 208 932 est,
230 885 415 935 princeps
437 892 496 923 est
518 884 670 923 Heius:
701 885 847 922 etenim
869 891 928 922 est
944 884 1093 934 primus
1111 884 1298 922 civitatis:
1329 897 1378 922 ne
1396 883 1506 930 forte,

140 951 236 990 dum
271 951 437 1002 publicis
472 951 668 990 mandatis
705 952 856 998 serviat,
889 951 937 990 de
969 951 1126 1001 privatis
1156 951 1307 989 iniuriis
1337 951 1507 988 reticeat.

61 1026 119 1060 ¹55
140 1018 255 1057 Haec
290 1031 414 1069 quum
448 1020 589 1057 scirem
625 1025 663 1057 et
693 1019 923 1068 cogitarem,
955 1018 1138 1057 commisi
1170 1026 1314 1064 tamen,
1346 1018 1506 1064 iudices,

141 1085 260 1124 Heio.
318 1086 492 1124 Produxi
527 1098 618 1124 eum
653 1086 780 1136 prima
810 1086 990 1124 actione:
1032 1098 1162 1135 neque
1193 1085 1233 1123 id
1263 1091 1396 1124 tamen
1427 1085 1507 1123 ullo

140 1152 313 1203 periculo
335 1152 422 1191 feci.
483 1152 591 1200 Quid
613 1153 719 1191 enim
741 1159 894 1203 poterat
916 1152 1044 1191 Heius
1073 1151 1327 1202 respondere,
1351 1153 1382 1190 si
1404 1160 1507 1190 esset

140 1221 356 1272 improbus,
379 1221 410 1259 si
439 1222 497 1260 sui
526 1220 750 1260 dissimilis?
808 1220 907 1259 Esse
936 1220 999 1258 illa
1026 1220 1138 1270 signa
1166 1219 1275 1258 domi
1297 1232 1402 1267 suae,
1425 1232 1507 1258 non

141 1300 228 1327 esse
249 1287 355 1338 apud
377 1287 569 1326 Verrem?
619 1286 700 1335 Qui
721 1294 876 1338 poterat
893 1287 1111 1338 quidquam
1134 1287 1328 1325 eiusmodi
1351 1287 1506 1326 dicere?

60 1356 121 1390 160
140 1354 196 1394 Ut
228 1355 352 1394 homo
388 1355 634 1405 turpissimus
670 1361 774 1393 esset
807 1354 1228 1405 impudentissimeque
1267 1355 1506 1401 mentiretur,

141 1422 218 1461 hoc
238 1421 407 1460 diceret:
437 1421 501 1460 illa
529 1434 571 1460 se
600 1421 783 1460 habuisse
811 1421 973 1469 venalia,
996 1434 1121 1472 eaque
1150 1433 1203 1468 se,
1233 1422 1369 1472 quanti
1396 1421 1506 1460 volu-

141 1490 223 1536 erit,
245 1488 479 1528 vendidisse.
542 1488 682 1527 Homo
711 1488 820 1527 domi
848 1501 942 1527 suae
969 1488 1250 1535 nobilissimus,
1273 1488 1339 1539 qui
1366 1500 1436 1526 vos
1459 1488 1507 1526 de

142 1556 331 1607 religione
367 1568 438 1595 sua
472 1569 519 1595 ac
555 1556 745 1606 dignitate
779 1568 868 1594 vere
905 1556 1130 1594 existimare
1169 1556 1342 1594 maxime
1382 1555 1506 1600 vellet,

142 1624 271 1676 primo
293 1623 390 1662 dixit
410 1635 451 1662 se
473 1624 590 1661 istum
607 1623 764 1673 publice
785 1623 955 1670 laudare,
978 1623 1086 1673 quod
1109 1623 1180 1661 sibi
1207 1623 1260 1661 ita
1276 1623 1507 1661 mandatum

64 1697 123 1740 ¹⁶5
143 1696 271 1729 esset:
302 1689 445 1729 deinde
466 1702 595 1741 neque
617 1702 658 1728 se
687 1689 750 1727 illa
776 1689 962 1728 habuisse
984 1690 1138 1729 venalia
1165 1702 1294 1741 neque
1315 1690 1391 1728 ulla
1412 1702 1508 1729 con-

144 1757 306 1805 ditione,
327 1757 372 1804 si,
393 1763 524 1796 utrum
549 1756 673 1803 vellet,
699 1757 841 1803 liceret,
865 1756 1008 1796 adduci
1034 1769 1227 1808 umquam
1255 1758 1446 1807 potuisse,
1468 1764 1509 1795 ut

144 1825 331 1864 venderet
349 1824 424 1872 illa,
440 1837 543 1876 quae
563 1825 604 1862 in
625 1825 795 1863 sacrario
812 1824 978 1864 fuissent
994 1837 1017 1863 a
1037 1825 1253 1863 maioribus
1275 1825 1355 1864 suis
1376 1825 1509 1864 relicta

144 1898 183 1931 et
202 1892 354 1931 tradita.

203 1960 240 1999 8.
268 1958 420 1998 Verum
446 1959 546 1998 haec
573 1959 715 1997 emisse
743 1965 780 1996 te
809 1958 918 1997 dicis.
978 1957 1115 2006 Quid?
1146 1958 1210 1997 illa
1231 1959 1400 1998 Attalica
1427 1965 1508 1997 tota

64 2040 127 2075 170
147 2025 275 2065 Sicilia
295 2026 501 2064 nominata
520 2026 570 2064 ab
591 2025 732 2064 eodem
754 2024 861 2063 Heio
883 2025 1188 2076 peripetasmata
1215 2038 1345 2064 emere
1366 2026 1509 2064 oblitus

145 2094 217 2132 es?
275 2091 404 2131 Licuit
423 2092 566 2131 eodem
588 2091 723 2139 modo,
745 2098 788 2130 ut
808 2092 934 2142 signa.
993 2091 1101 2139 Quid
1128 2093 1236 2131 enim
1264 2099 1396 2131 actum
1424 2094 1508 2131 est?

145 2160 211 2199 An
231 2159 365 2198 litteris
385 2159 622 2210 pepercisti?
652 2158 803 2197 Verum
828 2159 1033 2197 hominem
1061 2167 1262 2198 amentem
1290 2159 1367 2198 hoc
1388 2159 1507 2210 fugit:

146 2226 276 2265 minus
298 2225 446 2265 clarum
473 2226 621 2276 putavit
645 2224 742 2273 fore,
764 2225 873 2276 quod
902 2226 950 2263 de
978 2226 1159 2272 armario,
1182 2238 1302 2277 quam
1323 2227 1432 2276 quod
1460 2227 1508 2264 de

145 2293 316 2332 sacrario
332 2298 436 2332 esset
451 2292 637 2331 ablatum.
686 2293 739 2330 At
756 2304 835 2343 quo
859 2292 982 2331 modo
998 2293 1180 2331 abstulit?
1231 2293 1326 2332 Non
1343 2306 1507 2344 possum

67 2375 126 2412 ¹75
146 2360 275 2399 dicere
291 2359 457 2411 planius,
475 2372 594 2410 quam
615 2359 698 2410 ipse
720 2360 826 2410 apud
843 2371 912 2398 vos
930 2359 1025 2398 dixit
1044 2359 1185 2399 Heius.
1236 2360 1371 2408 Quum
1387 2374 1506 2411 quae-

146 2428 299 2475 sissem,
320 2427 514 2479 numquid
540 2426 645 2465 aliud
672 2426 721 2464 de
743 2427 859 2465 bonis
880 2427 963 2465 eius
991 2428 1233 2477 pervenisset
1255 2428 1305 2465 ad
1327 2427 1505 2473 Verrem,

796 2505 815 2532 s
840 2507 858 2531 2
