<?xml version="1.0" encoding="UTF-8"?>
<!DOCTYPE html PUBLIC "-//W3C//DTD XHTML 1.0 Transitional//EN"
    "http://www.w3.org/TR/xhtml1/DTD/xhtml1-transitional.dtd">
<html xmlns="http://www.w3.org/1999/xhtml" xml:lang="en" lang="en">
 <head>
  <title>
</title>
<meta http-equiv="Content-Type" content="text/html;charset=utf-8" />
  <meta name='ocr-system' content='tesseract 3.04.00' />
  <meta name='ocr-capabilities' content='ocr_page ocr_carea ocr_par ocr_line ocrx_word'/>
</head>
<body>
  <div class='ocr_page' id='page_1' title='image "./extractsfromcice03ciceuoft_0065.png"; bbox 0 0 1747 2620; ppageno 0'>
   <div class='ocr_carea' id='block_1_1' title="bbox 147 65 1516 134">
    <p class='ocr_par' dir='ltr' id='par_1_1' title="bbox 147 65 1516 134">
     <span class='ocr_line' id='line_1_1' title="bbox 147 65 1516 134; baseline -0.015 -10"><span class='ocrx_word' id='word_1_1' title='bbox 147 94 266 134; x_wconf 77' lang='lat'>11.13.</span> <span class='ocrx_word' id='word_1_2' title='bbox 389 76 563 120; x_wconf 81' lang='lat' dir='ltr'><em>ROME&#39;S</em></span> <span class='ocrx_word' id='word_1_3' title='bbox 595 83 723 116; x_wconf 83' lang='lat' dir='ltr'><em>RULE</em></span> <span class='ocrx_word' id='word_1_4' title='bbox 757 81 816 113; x_wconf 75' lang='lat' dir='ltr'>oF</span> <span class='ocrx_word' id='word_1_5' title='bbox 846 80 943 111; x_wconf 59' lang='grc' dir='ltr'>ΗΕΒ</span> <span class='ocrx_word' id='word_1_6' title='bbox 977 76 1266 109; x_wconf 79' lang='lat' dir='ltr'><strong><em>PROVINCES.</em></strong></span> <span class='ocrx_word' id='word_1_7' title='bbox 1434 65 1516 118; x_wconf 85' lang='lat'>263</span> 
     </span>
    </p>
   </div>
   <div class='ocr_carea' id='block_1_2' title="bbox 87 181 1536 2466">
    <p class='ocr_par' dir='ltr' id='par_1_2' title="bbox 87 181 1524 522">
     <span class='ocr_line' id='line_1_2' title="bbox 87 181 1519 253; baseline -0.017 -12"><span class='ocrx_word' id='word_1_8' title='bbox 87 221 130 253; x_wconf 81' lang='lat'>40</span> <span class='ocrx_word' id='word_1_9' title='bbox 148 212 297 240; x_wconf 86' lang='lat' dir='ltr'>nomen</span> <span class='ocrx_word' id='word_1_10' title='bbox 331 196 528 236; x_wconf 81' lang='lat' dir='ltr'>Arethusa</span> <span class='ocrx_word' id='word_1_11' title='bbox 568 200 638 240; x_wconf 88' lang='lat' dir='ltr'>est,</span> <span class='ocrx_word' id='word_1_12' title='bbox 679 188 897 229; x_wconf 81' lang='lat' dir='ltr'><strong>incredibili</strong></span> <span class='ocrx_word' id='word_1_13' title='bbox 940 185 1223 236; x_wconf 75' lang='lat' dir='ltr'>magnitudine,</span> <span class='ocrx_word' id='word_1_14' title='bbox 1266 181 1519 233; x_wconf 85' lang='lat' dir='ltr'>plenissimus</span> 
     </span>
     <span class='ocr_line' id='line_1_3' title="bbox 147 248 1521 320; baseline -0.017 -13"><span class='ocrx_word' id='word_1_15' title='bbox 147 268 342 320; x_wconf 87' lang='lat' dir='ltr'>piscium;</span> <span class='ocrx_word' id='word_1_16' title='bbox 373 264 441 315; x_wconf 87' lang='lat' dir='ltr'>qui</span> <span class='ocrx_word' id='word_1_17' title='bbox 469 263 590 301; x_wconf 87' lang='lat' dir='ltr'>fluctu</span> <span class='ocrx_word' id='word_1_18' title='bbox 612 267 717 298; x_wconf 81' lang='lat' dir='ltr'>totus</span> <span class='ocrx_word' id='word_1_19' title='bbox 746 257 977 309; x_wconf 88' lang='lat' dir='ltr'>operiretur,</span> <span class='ocrx_word' id='word_1_20' title='bbox 1002 253 1075 291; x_wconf 89' lang='lat' dir='ltr'>nisi</span> <span class='ocrx_word' id='word_1_21' title='bbox 1097 250 1316 290; x_wconf 87' lang='lat' dir='ltr'>munitione</span> <span class='ocrx_word' id='word_1_22' title='bbox 1338 261 1384 286; x_wconf 90' lang='lat' dir='ltr'>ac</span> <span class='ocrx_word' id='word_1_23' title='bbox 1414 248 1521 285; x_wconf 89' lang='lat' dir='ltr'>mole</span> 
     </span>
     <span class='ocr_line' id='line_1_4' title="bbox 147 315 1521 386; baseline -0.017 -12"><span class='ocrx_word' id='word_1_24' title='bbox 147 334 322 386; x_wconf 85' lang='lat' dir='ltr'>lapidum</span> <span class='ocrx_word' id='word_1_25' title='bbox 344 332 562 371; x_wconf 89' lang='lat' dir='ltr'>disiunctus</span> <span class='ocrx_word' id='word_1_26' title='bbox 584 333 687 367; x_wconf 89' lang='lat' dir='ltr'>esset</span> <span class='ocrx_word' id='word_1_27' title='bbox 707 324 853 364; x_wconf 88' lang='lat' dir='ltr'>amari.</span> <span class='ocrx_word' id='word_1_28' title='bbox 905 322 1037 360; x_wconf 84' lang='lat' dir='ltr'>Altera</span> <span class='ocrx_word' id='word_1_29' title='bbox 1058 326 1190 358; x_wconf 89' lang='lat' dir='ltr'>autem</span> <span class='ocrx_word' id='word_1_30' title='bbox 1212 325 1269 356; x_wconf 88' lang='lat' dir='ltr'>est</span> <span class='ocrx_word' id='word_1_31' title='bbox 1290 317 1383 355; x_wconf 90' lang='lat' dir='ltr'>urbs</span> <span class='ocrx_word' id='word_1_32' title='bbox 1406 315 1521 366; x_wconf 88' lang='lat' dir='ltr'>Syra-</span> 
     </span>
     <span class='ocr_line' id='line_1_5' title="bbox 149 383 1520 449; baseline -0.018 -7"><span class='ocrx_word' id='word_1_33' title='bbox 149 402 265 449; x_wconf 84' lang='lat' dir='ltr'>cusis,</span> <span class='ocrx_word' id='word_1_34' title='bbox 297 401 360 439; x_wconf 90' lang='lat' dir='ltr'>cui</span> <span class='ocrx_word' id='word_1_35' title='bbox 391 410 541 437; x_wconf 91' lang='lat' dir='ltr'>nomen</span> <span class='ocrx_word' id='word_1_36' title='bbox 571 393 799 434; x_wconf 79' lang='lat' dir='ltr'>Achradina</span> <span class='ocrx_word' id='word_1_37' title='bbox 829 397 912 429; x_wconf 87' lang='lat' dir='ltr'>est:</span> <span class='ocrx_word' id='word_1_38' title='bbox 953 390 994 426; x_wconf 89' lang='lat' dir='ltr'>in</span> <span class='ocrx_word' id='word_1_39' title='bbox 1025 400 1104 438; x_wconf 88' lang='lat' dir='ltr'>qua</span> <span class='ocrx_word' id='word_1_40' title='bbox 1131 385 1263 424; x_wconf 89' lang='lat' dir='ltr'>forum</span> <span class='ocrx_word' id='word_1_41' title='bbox 1291 383 1520 428; x_wconf 85' lang='lat' dir='ltr'>maximum,</span> 
     </span>
     <span class='ocr_line' id='line_1_6' title="bbox 149 451 1524 522; baseline -0.016 -13"><span class='ocrx_word' id='word_1_42' title='bbox 149 467 437 522; x_wconf 89' lang='lat' dir='ltr'>pulcherrimae</span> <span class='ocrx_word' id='word_1_43' title='bbox 459 464 646 516; x_wconf 86' lang='lat' dir='ltr'>porticus,</span> <span class='ocrx_word' id='word_1_44' title='bbox 674 458 971 500; x_wconf 85' lang='lat' dir='ltr'>ornatissimum</span> <span class='ocrx_word' id='word_1_45' title='bbox 1001 461 1249 506; x_wconf 84' lang='lat' dir='ltr'>prytaneum,</span> <span class='ocrx_word' id='word_1_46' title='bbox 1280 451 1524 502; x_wconf 82' lang='lat' dir='ltr'>amplissima</span> 
     </span>
    </p>

    <p class='ocr_par' dir='ltr' id='par_1_3' title="bbox 89 520 1526 847">
     <span class='ocr_line' id='line_1_7' title="bbox 89 520 1523 591; baseline -0.015 -14"><span class='ocrx_word' id='word_1_47' title='bbox 89 557 131 591; x_wconf 84' lang='lat'>45</span> <span class='ocrx_word' id='word_1_48' title='bbox 151 543 210 576; x_wconf 84' lang='lat' dir='ltr'>est</span> <span class='ocrx_word' id='word_1_49' title='bbox 237 536 356 582; x_wconf 85' lang='lat' dir='ltr'>curia,</span> <span class='ocrx_word' id='word_1_50' title='bbox 384 532 659 583; x_wconf 89' lang='lat' dir='ltr'>templumque</span> <span class='ocrx_word' id='word_1_51' title='bbox 689 526 896 577; x_wconf 83' lang='lat' dir='ltr'>egregium</span> <span class='ocrx_word' id='word_1_52' title='bbox 924 523 1030 561; x_wconf 90' lang='lat' dir='ltr'>Iovis</span> <span class='ocrx_word' id='word_1_53' title='bbox 1064 520 1254 572; x_wconf 79' lang='lat' dir='ltr'>Olympii,</span> <span class='ocrx_word' id='word_1_54' title='bbox 1289 525 1523 569; x_wconf 82' lang='lat' dir='ltr'>ceteraeque</span> 
     </span>
     <span class='ocr_line' id='line_1_8' title="bbox 151 583 1524 650; baseline -0.016 -9"><span class='ocrx_word' id='word_1_55' title='bbox 151 601 259 640; x_wconf 87' lang='lat' dir='ltr'>urbis</span> <span class='ocrx_word' id='word_1_56' title='bbox 298 605 442 650; x_wconf 89' lang='lat' dir='ltr'>partes,</span> <span class='ocrx_word' id='word_1_57' title='bbox 477 608 556 634; x_wconf 87' lang='lat' dir='ltr'>una</span> <span class='ocrx_word' id='word_1_58' title='bbox 594 595 672 632; x_wconf 87' lang='lat' dir='ltr'>lata</span> <span class='ocrx_word' id='word_1_59' title='bbox 711 592 773 629; x_wconf 88' lang='lat' dir='ltr'>via</span> <span class='ocrx_word' id='word_1_60' title='bbox 810 596 1002 641; x_wconf 83' lang='lat' dir='ltr'>perpetua</span> <span class='ocrx_word' id='word_1_61' title='bbox 1041 586 1252 636; x_wconf 84' lang='lat' dir='ltr'>multisque</span> <span class='ocrx_word' id='word_1_62' title='bbox 1293 583 1524 622; x_wconf 86' lang='lat' dir='ltr'>transversis</span> 
     </span>
     <span class='ocr_line' id='line_1_9' title="bbox 153 652 1523 718; baseline -0.016 -10"><span class='ocrx_word' id='word_1_63' title='bbox 153 669 311 715; x_wconf 90' lang='lat' dir='ltr'>divisae,</span> <span class='ocrx_word' id='word_1_64' title='bbox 329 665 488 718; x_wconf 86' lang='lat' dir='ltr'>privatis</span> <span class='ocrx_word' id='word_1_65' title='bbox 510 660 700 701; x_wconf 88' lang='lat' dir='ltr'>aedificiis</span> <span class='ocrx_word' id='word_1_66' title='bbox 723 658 989 697; x_wconf 90' lang='lat' dir='ltr'>continentur.</span> <span class='ocrx_word' id='word_1_67' title='bbox 1049 653 1186 692; x_wconf 87' lang='lat' dir='ltr'>Tertia</span> <span class='ocrx_word' id='word_1_68' title='bbox 1208 659 1266 690; x_wconf 83' lang='lat' dir='ltr'>est</span> <span class='ocrx_word' id='word_1_69' title='bbox 1286 652 1393 697; x_wconf 88' lang='lat' dir='ltr'>urbs,</span> <span class='ocrx_word' id='word_1_70' title='bbox 1409 662 1523 701; x_wconf 86' lang='lat' dir='ltr'>quae,</span> 
     </span>
     <span class='ocr_line' id='line_1_10' title="bbox 152 716 1526 788; baseline -0.015 -13"><span class='ocrx_word' id='word_1_71' title='bbox 152 735 262 788; x_wconf 92' lang='lat' dir='ltr'>quod</span> <span class='ocrx_word' id='word_1_72' title='bbox 301 735 342 772; x_wconf 92' lang='lat' dir='ltr'>in</span> <span class='ocrx_word' id='word_1_73' title='bbox 381 745 429 771; x_wconf 85' lang='lat' dir='ltr'>ea</span> <span class='ocrx_word' id='word_1_74' title='bbox 463 736 572 781; x_wconf 85' lang='lat' dir='ltr'>parte</span> <span class='ocrx_word' id='word_1_75' title='bbox 607 728 809 766; x_wconf 81' lang='lat' dir='ltr'>Fortunae</span> <span class='ocrx_word' id='word_1_76' title='bbox 844 723 983 761; x_wconf 88' lang='lat' dir='ltr'>fanum</span> <span class='ocrx_word' id='word_1_77' title='bbox 1024 722 1231 771; x_wconf 84' lang='lat' dir='ltr'>antiquum</span> <span class='ocrx_word' id='word_1_78' title='bbox 1266 719 1348 765; x_wconf 89' lang='lat' dir='ltr'>fuit,</span> <span class='ocrx_word' id='word_1_79' title='bbox 1386 716 1526 768; x_wconf 80' lang='lat' dir='ltr'>Tycha</span> 
     </span>
     <span class='ocr_line' id='line_1_11' title="bbox 153 789 1526 847; baseline -0.015 -5"><span class='ocrx_word' id='word_1_80' title='bbox 153 802 357 843; x_wconf 89' lang='lat' dir='ltr'>nominata</span> <span class='ocrx_word' id='word_1_81' title='bbox 378 806 447 846; x_wconf 88' lang='lat' dir='ltr'>est,</span> <span class='ocrx_word' id='word_1_82' title='bbox 469 799 510 836; x_wconf 89' lang='lat' dir='ltr'>in</span> <span class='ocrx_word' id='word_1_83' title='bbox 531 808 610 847; x_wconf 89' lang='lat' dir='ltr'>qua</span> <span class='ocrx_word' id='word_1_84' title='bbox 630 801 668 833; x_wconf 86' lang='lat' dir='ltr'>et</span> <span class='ocrx_word' id='word_1_85' title='bbox 689 792 943 844; x_wconf 86' lang='lat' dir='ltr'>gymnasium</span> <span class='ocrx_word' id='word_1_86' title='bbox 965 789 1255 840; x_wconf 87' lang='lat' dir='ltr'>amplissimum</span> <span class='ocrx_word' id='word_1_87' title='bbox 1277 793 1336 825; x_wconf 87' lang='lat' dir='ltr'>est</span> <span class='ocrx_word' id='word_1_88' title='bbox 1357 792 1395 824; x_wconf 88' lang='lat' dir='ltr'>et</span> <span class='ocrx_word' id='word_1_89' title='bbox 1417 797 1526 823; x_wconf 87' lang='lat' dir='ltr'>com-</span> 
     </span>
    </p>

    <p class='ocr_par' dir='ltr' id='par_1_4' title="bbox 93 853 1529 1187">
     <span class='ocr_line' id='line_1_12' title="bbox 93 853 1527 925; baseline -0.015 -14"><span class='ocrx_word' id='word_1_90' title='bbox 93 893 135 925; x_wconf 85' lang='lat'>50</span> <span class='ocrx_word' id='word_1_91' title='bbox 154 871 285 923; x_wconf 90' lang='lat' dir='ltr'>plures</span> <span class='ocrx_word' id='word_1_92' title='bbox 307 867 425 908; x_wconf 86' lang='lat' dir='ltr'>aedes</span> <span class='ocrx_word' id='word_1_93' title='bbox 447 876 604 904; x_wconf 86' lang='lat' dir='ltr'>sacrae:</span> <span class='ocrx_word' id='word_1_94' title='bbox 637 862 855 911; x_wconf 86' lang='lat' dir='ltr'>coliturque</span> <span class='ocrx_word' id='word_1_95' title='bbox 877 871 923 897; x_wconf 90' lang='lat' dir='ltr'>ea</span> <span class='ocrx_word' id='word_1_96' title='bbox 944 870 1034 909; x_wconf 86' lang='lat' dir='ltr'>pars</span> <span class='ocrx_word' id='word_1_97' title='bbox 1065 863 1103 895; x_wconf 91' lang='lat' dir='ltr'>et</span> <span class='ocrx_word' id='word_1_98' title='bbox 1123 855 1321 893; x_wconf 88' lang='lat' dir='ltr'>habitatur</span> <span class='ocrx_word' id='word_1_99' title='bbox 1343 853 1527 904; x_wconf 86' lang='lat' dir='ltr'>frequen-</span> 
     </span>
     <span class='ocr_line' id='line_1_13' title="bbox 154 919 1528 983; baseline -0.016 -4"><span class='ocrx_word' id='word_1_100' title='bbox 154 939 316 978; x_wconf 84' lang='lat' dir='ltr'>tissime.</span> <span class='ocrx_word' id='word_1_101' title='bbox 376 935 529 983; x_wconf 87' lang='lat' dir='ltr'>Quarta</span> <span class='ocrx_word' id='word_1_102' title='bbox 550 938 683 971; x_wconf 88' lang='lat' dir='ltr'>autem</span> <span class='ocrx_word' id='word_1_103' title='bbox 703 935 763 968; x_wconf 89' lang='lat' dir='ltr'>est</span> <span class='ocrx_word' id='word_1_104' title='bbox 782 929 889 974; x_wconf 88' lang='lat' dir='ltr'>urbs,</span> <span class='ocrx_word' id='word_1_105' title='bbox 912 938 1013 978; x_wconf 86' lang='lat' dir='ltr'>quae</span> <span class='ocrx_word' id='word_1_106' title='bbox 1036 924 1128 976; x_wconf 87' lang='lat' dir='ltr'>quia</span> <span class='ocrx_word' id='word_1_107' title='bbox 1148 930 1350 974; x_wconf 88' lang='lat' dir='ltr'>postrema</span> <span class='ocrx_word' id='word_1_108' title='bbox 1371 919 1528 959; x_wconf 84' lang='lat' dir='ltr'>coaedi-</span> 
     </span>
     <span class='ocr_line' id='line_1_14' title="bbox 154 990 1527 1052; baseline -0.015 -6"><span class='ocrx_word' id='word_1_109' title='bbox 154 1007 269 1046; x_wconf 89' lang='lat' dir='ltr'>ficata</span> <span class='ocrx_word' id='word_1_110' title='bbox 289 1011 360 1052; x_wconf 88' lang='lat' dir='ltr'>est,</span> <span class='ocrx_word' id='word_1_111' title='bbox 382 1000 575 1052; x_wconf 89' lang='lat' dir='ltr'>Neapolis</span> <span class='ocrx_word' id='word_1_112' title='bbox 597 998 826 1037; x_wconf 90' lang='lat' dir='ltr'>nominatur</span> <span class='ocrx_word' id='word_1_113' title='bbox 844 1008 851 1034; x_wconf 92' lang='lat'>:</span> <span class='ocrx_word' id='word_1_114' title='bbox 884 1006 1005 1045; x_wconf 86' lang='lat' dir='ltr'>quam</span> <span class='ocrx_word' id='word_1_115' title='bbox 1034 993 1085 1032; x_wconf 88' lang='lat' dir='ltr'>ad</span> <span class='ocrx_word' id='word_1_116' title='bbox 1113 1003 1311 1030; x_wconf 84' lang='lat' dir='ltr'>summam</span> <span class='ocrx_word' id='word_1_117' title='bbox 1333 990 1527 1028; x_wconf 82' lang='lat' dir='ltr'>theatrum</span> 
     </span>
     <span class='ocr_line' id='line_1_15' title="bbox 154 1056 1527 1119; baseline -0.015 -6"><span class='ocrx_word' id='word_1_118' title='bbox 154 1081 214 1113; x_wconf 88' lang='lat' dir='ltr'>est</span> <span class='ocrx_word' id='word_1_119' title='bbox 244 1072 486 1111; x_wconf 84' lang='lat' dir='ltr'>maximum:</span> <span class='ocrx_word' id='word_1_120' title='bbox 522 1072 725 1119; x_wconf 88' lang='lat' dir='ltr'>praeterea</span> <span class='ocrx_word' id='word_1_121' title='bbox 755 1064 834 1102; x_wconf 92' lang='lat' dir='ltr'>duo</span> <span class='ocrx_word' id='word_1_122' title='bbox 866 1061 1014 1112; x_wconf 86' lang='lat' dir='ltr'>templa</span> <span class='ocrx_word' id='word_1_123' title='bbox 1043 1066 1136 1098; x_wconf 91' lang='lat' dir='ltr'>sunt</span> <span class='ocrx_word' id='word_1_124' title='bbox 1166 1058 1337 1108; x_wconf 81' lang='lat' dir='ltr'>egregia,</span> <span class='ocrx_word' id='word_1_125' title='bbox 1371 1056 1527 1095; x_wconf 91' lang='lat' dir='ltr'>Cereris</span> 
     </span>
     <span class='ocr_line' id='line_1_16' title="bbox 155 1123 1529 1187; baseline -0.015 -6"><span class='ocrx_word' id='word_1_126' title='bbox 155 1153 292 1187; x_wconf 89' lang='lat' dir='ltr'>unum,</span> <span class='ocrx_word' id='word_1_127' title='bbox 314 1139 479 1178; x_wconf 89' lang='lat' dir='ltr'>alterum</span> <span class='ocrx_word' id='word_1_128' title='bbox 500 1135 681 1180; x_wconf 87' lang='lat' dir='ltr'>Liberae,</span> <span class='ocrx_word' id='word_1_129' title='bbox 712 1132 951 1182; x_wconf 83' lang='lat' dir='ltr'>signumque</span> <span class='ocrx_word' id='word_1_130' title='bbox 974 1126 1181 1178; x_wconf 88' lang='lat' dir='ltr'>Apollinis,</span> <span class='ocrx_word' id='word_1_131' title='bbox 1206 1125 1272 1176; x_wconf 87' lang='lat' dir='ltr'>qui</span> <span class='ocrx_word' id='word_1_132' title='bbox 1295 1123 1529 1162; x_wconf 87' lang='lat' dir='ltr'>Temenites</span> 
     </span>
    </p>

    <p class='ocr_par' dir='ltr' id='par_1_5' title="bbox 96 1192 1530 1328">
     <span class='ocr_line' id='line_1_17' title="bbox 96 1192 1530 1262; baseline -0.015 -13"><span class='ocrx_word' id='word_1_133' title='bbox 96 1229 136 1262; x_wconf 83' lang='lat'>55</span> <span class='ocrx_word' id='word_1_134' title='bbox 155 1214 330 1255; x_wconf 85' lang='lat' dir='ltr'>vocatur,</span> <span class='ocrx_word' id='word_1_135' title='bbox 366 1202 677 1258; x_wconf 89' lang='lat' dir='ltr'>pulcherrimum</span> <span class='ocrx_word' id='word_1_136' title='bbox 712 1206 750 1238; x_wconf 91' lang='lat' dir='ltr'>et</span> <span class='ocrx_word' id='word_1_137' title='bbox 789 1198 1022 1243; x_wconf 84' lang='lat' dir='ltr'>maximum,</span> <span class='ocrx_word' id='word_1_138' title='bbox 1053 1194 1163 1246; x_wconf 92' lang='lat' dir='ltr'>quod</span> <span class='ocrx_word' id='word_1_139' title='bbox 1194 1194 1267 1232; x_wconf 89' lang='lat' dir='ltr'>iste</span> <span class='ocrx_word' id='word_1_140' title='bbox 1304 1192 1335 1231; x_wconf 87' lang='lat' dir='ltr'>si</span> <span class='ocrx_word' id='word_1_141' title='bbox 1372 1198 1530 1243; x_wconf 82' lang='lat' dir='ltr'>portare</span> 
     </span>
     <span class='ocr_line' id='line_1_18' title="bbox 156 1266 892 1328; baseline -0.018 -12"><span class='ocrx_word' id='word_1_142' title='bbox 156 1277 359 1328; x_wconf 87' lang='lat' dir='ltr'>potuisset,</span> <span class='ocrx_word' id='word_1_143' title='bbox 382 1285 465 1311; x_wconf 91' lang='lat' dir='ltr'>non</span> <span class='ocrx_word' id='word_1_144' title='bbox 487 1270 707 1309; x_wconf 83' lang='lat' dir='ltr'>dubitasset</span> <span class='ocrx_word' id='word_1_145' title='bbox 727 1266 892 1305; x_wconf 86' lang='lat' dir='ltr'>auferre.</span> 
     </span>
    </p>

    <p class='ocr_par' dir='ltr' id='par_1_6' title="bbox 215 1327 1532 1394">
     <span class='ocr_line' id='line_1_19' title="bbox 215 1327 1532 1394; baseline -0.014 -12"><span class='ocrx_word' id='word_1_146' title='bbox 215 1357 249 1394; x_wconf 82' lang='lat'>3.</span> <span class='ocrx_word' id='word_1_147' title='bbox 281 1342 401 1381; x_wconf 90' lang='lat' dir='ltr'>Nunc</span> <span class='ocrx_word' id='word_1_148' title='bbox 423 1339 474 1378; x_wconf 88' lang='lat' dir='ltr'>ad</span> <span class='ocrx_word' id='word_1_149' title='bbox 496 1336 731 1377; x_wconf 87' lang='lat' dir='ltr'>Marcellum</span> <span class='ocrx_word' id='word_1_150' title='bbox 760 1339 942 1379; x_wconf 83' lang='lat' dir='ltr'>revertar,</span> <span class='ocrx_word' id='word_1_151' title='bbox 965 1343 1015 1369; x_wconf 91' lang='lat' dir='ltr'>ne</span> <span class='ocrx_word' id='word_1_152' title='bbox 1037 1330 1136 1368; x_wconf 85' lang='lat' dir='ltr'>haec</span> <span class='ocrx_word' id='word_1_153' title='bbox 1164 1342 1186 1367; x_wconf 86' lang='lat' dir='ltr'>a</span> <span class='ocrx_word' id='word_1_154' title='bbox 1207 1340 1272 1366; x_wconf 91' lang='lat' dir='ltr'>me</span> <span class='ocrx_word' id='word_1_155' title='bbox 1298 1327 1382 1366; x_wconf 86' lang='lat' dir='ltr'>sine</span> <span class='ocrx_word' id='word_1_156' title='bbox 1414 1338 1532 1365; x_wconf 83' lang='lat' dir='ltr'>causa</span> 
     </span>
    </p>

    <p class='ocr_par' dir='ltr' id='par_1_7' title="bbox 102 1394 1532 1526">
     <span class='ocr_line' id='line_1_20' title="bbox 102 1394 1532 1452; baseline -0.016 1"><span class='ocrx_word' id='word_1_157' title='bbox 102 1433 109 1440; x_wconf 84' lang='lat'><em>-</em></span> <span class='ocrx_word' id='word_1_158' title='bbox 157 1416 472 1452; x_wconf 86' lang='lat' dir='ltr'>commemorata</span> <span class='ocrx_word' id='word_1_159' title='bbox 501 1418 588 1445; x_wconf 90' lang='lat' dir='ltr'>esse</span> <span class='ocrx_word' id='word_1_160' title='bbox 619 1403 837 1442; x_wconf 90' lang='lat' dir='ltr'>videantur.</span> <span class='ocrx_word' id='word_1_161' title='bbox 897 1399 978 1447; x_wconf 81' lang='lat' dir='ltr'>Qui</span> <span class='ocrx_word' id='word_1_162' title='bbox 1009 1410 1133 1449; x_wconf 89' lang='lat' dir='ltr'>quum</span> <span class='ocrx_word' id='word_1_163' title='bbox 1173 1403 1254 1435; x_wconf 86' lang='lat' dir='ltr'>tam</span> <span class='ocrx_word' id='word_1_164' title='bbox 1290 1394 1532 1446; x_wconf 87' lang='lat' dir='ltr'>praeclaram</span> 
     </span>
     <span class='ocr_line' id='line_1_21' title="bbox 158 1460 1531 1526; baseline -0.016 -7"><span class='ocrx_word' id='word_1_165' title='bbox 158 1481 297 1519; x_wconf 90' lang='lat' dir='ltr'>urbem</span> <span class='ocrx_word' id='word_1_166' title='bbox 324 1477 360 1515; x_wconf 94' lang='lat' dir='ltr'>vi</span> <span class='ocrx_word' id='word_1_167' title='bbox 390 1475 596 1526; x_wconf 87' lang='lat' dir='ltr'>copiisque</span> <span class='ocrx_word' id='word_1_168' title='bbox 623 1471 805 1521; x_wconf 84' lang='lat' dir='ltr'>cepisset,</span> <span class='ocrx_word' id='word_1_169' title='bbox 835 1480 918 1506; x_wconf 88' lang='lat' dir='ltr'>non</span> <span class='ocrx_word' id='word_1_170' title='bbox 949 1466 1098 1517; x_wconf 90' lang='lat' dir='ltr'>putavit</span> <span class='ocrx_word' id='word_1_171' title='bbox 1126 1464 1177 1502; x_wconf 84' lang='lat' dir='ltr'>ad</span> <span class='ocrx_word' id='word_1_172' title='bbox 1204 1463 1362 1501; x_wconf 88' lang='lat' dir='ltr'>laudem</span> <span class='ocrx_word' id='word_1_173' title='bbox 1394 1460 1531 1511; x_wconf 88' lang='lat' dir='ltr'>populi</span> 
     </span>
    </p>

    <p class='ocr_par' dir='ltr' id='par_1_8' title="bbox 99 1535 1533 1859">
     <span class='ocr_line' id='line_1_22' title="bbox 99 1535 1528 1595; baseline -0.015 -6"><span class='ocrx_word' id='word_1_174' title='bbox 99 1558 143 1591; x_wconf 86' lang='lat'>60</span> <span class='ocrx_word' id='word_1_175' title='bbox 162 1547 336 1588; x_wconf 87' lang='lat' dir='ltr'>Romani</span> <span class='ocrx_word' id='word_1_176' title='bbox 357 1546 435 1584; x_wconf 93' lang='lat' dir='ltr'>hoc</span> <span class='ocrx_word' id='word_1_177' title='bbox 455 1543 665 1595; x_wconf 87' lang='lat' dir='ltr'>pertinere,</span> <span class='ocrx_word' id='word_1_178' title='bbox 686 1540 789 1578; x_wconf 88' lang='lat' dir='ltr'>hanc</span> <span class='ocrx_word' id='word_1_179' title='bbox 807 1535 1156 1590; x_wconf 87' lang='lat' dir='ltr'>pulchritudinem,</span> <span class='ocrx_word' id='word_1_180' title='bbox 1178 1546 1226 1571; x_wconf 86' lang='lat' dir='ltr'>ex</span> <span class='ocrx_word' id='word_1_181' title='bbox 1249 1544 1327 1583; x_wconf 83' lang='lat' dir='ltr'>qua</span> <span class='ocrx_word' id='word_1_182' title='bbox 1352 1543 1528 1582; x_wconf 84' lang='lat' dir='ltr'>praeser-</span> 
     </span>
     <span class='ocr_line' id='line_1_23' title="bbox 159 1599 1525 1665; baseline -0.015 -9"><span class='ocrx_word' id='word_1_183' title='bbox 159 1618 230 1656; x_wconf 89' lang='lat' dir='ltr'>tim</span> <span class='ocrx_word' id='word_1_184' title='bbox 251 1614 347 1654; x_wconf 82' lang='lat' dir='ltr'>nihil</span> <span class='ocrx_word' id='word_1_185' title='bbox 367 1611 528 1665; x_wconf 87' lang='lat' dir='ltr'>periculi</span> <span class='ocrx_word' id='word_1_186' title='bbox 544 1608 828 1651; x_wconf 87' lang='lat' dir='ltr'>ostenderetur,</span> <span class='ocrx_word' id='word_1_187' title='bbox 852 1605 981 1644; x_wconf 89' lang='lat' dir='ltr'>delere</span> <span class='ocrx_word' id='word_1_188' title='bbox 1003 1611 1040 1642; x_wconf 91' lang='lat' dir='ltr'>et</span> <span class='ocrx_word' id='word_1_189' title='bbox 1062 1602 1326 1651; x_wconf 78' lang='lat' dir='ltr'>exstinguere.</span> <span class='ocrx_word' id='word_1_190' title='bbox 1387 1599 1525 1649; x_wconf 78' lang='lat' dir='ltr'>Itaque</span> 
     </span>
     <span class='ocr_line' id='line_1_24' title="bbox 160 1666 1530 1728; baseline -0.016 -4"><span class='ocrx_word' id='word_1_191' title='bbox 160 1684 348 1725; x_wconf 89' lang='lat' dir='ltr'>aedificiis</span> <span class='ocrx_word' id='word_1_192' title='bbox 379 1681 564 1720; x_wconf 91' lang='lat' dir='ltr'>omnibus</span> <span class='ocrx_word' id='word_1_193' title='bbox 594 1676 761 1728; x_wconf 89' lang='lat' dir='ltr'>publicis</span> <span class='ocrx_word' id='word_1_194' title='bbox 790 1681 828 1713; x_wconf 92' lang='lat' dir='ltr'>et</span> <span class='ocrx_word' id='word_1_195' title='bbox 857 1672 1026 1725; x_wconf 87' lang='lat' dir='ltr'>privatis,</span> <span class='ocrx_word' id='word_1_196' title='bbox 1057 1670 1177 1709; x_wconf 85' lang='lat' dir='ltr'>sacris</span> <span class='ocrx_word' id='word_1_197' title='bbox 1204 1676 1242 1707; x_wconf 89' lang='lat' dir='ltr'>et</span> <span class='ocrx_word' id='word_1_198' title='bbox 1268 1666 1445 1719; x_wconf 84' lang='lat' dir='ltr'>profanis</span> <span class='ocrx_word' id='word_1_199' title='bbox 1475 1666 1530 1703; x_wconf 91' lang='lat' dir='ltr'>sic</span> 
     </span>
     <span class='ocr_line' id='line_1_25' title="bbox 162 1737 1533 1806; baseline -0.017 -13"><span class='ocrx_word' id='word_1_200' title='bbox 162 1751 349 1806; x_wconf 90' lang='lat' dir='ltr'>pepercit,</span> <span class='ocrx_word' id='word_1_201' title='bbox 372 1748 483 1802; x_wconf 88' lang='lat' dir='ltr'>quasi</span> <span class='ocrx_word' id='word_1_202' title='bbox 504 1747 556 1786; x_wconf 87' lang='lat' dir='ltr'>ad</span> <span class='ocrx_word' id='word_1_203' title='bbox 586 1758 633 1784; x_wconf 88' lang='lat' dir='ltr'>ea</span> <span class='ocrx_word' id='word_1_204' title='bbox 661 1741 912 1784; x_wconf 78' lang='lat' dir='ltr'>defendenda</span> <span class='ocrx_word' id='word_1_205' title='bbox 940 1752 1030 1778; x_wconf 89' lang='lat' dir='ltr'>cum</span> <span class='ocrx_word' id='word_1_206' title='bbox 1059 1737 1246 1782; x_wconf 82' lang='lat' dir='ltr'>exercitu,</span> <span class='ocrx_word' id='word_1_207' title='bbox 1270 1747 1352 1773; x_wconf 90' lang='lat' dir='ltr'>non</span> <span class='ocrx_word' id='word_1_208' title='bbox 1380 1746 1533 1784; x_wconf 80' lang='lat' dir='ltr'>expug-</span> 
     </span>
     <span class='ocr_line' id='line_1_26' title="bbox 162 1802 1531 1859; baseline -0.017 0"><span class='ocrx_word' id='word_1_209' title='bbox 162 1819 296 1859; x_wconf 87' lang='lat' dir='ltr'>nanda</span> <span class='ocrx_word' id='word_1_210' title='bbox 321 1816 503 1856; x_wconf 89' lang='lat' dir='ltr'>venisset.</span> <span class='ocrx_word' id='word_1_211' title='bbox 563 1813 612 1852; x_wconf 90' lang='lat' dir='ltr'>In</span> <span class='ocrx_word' id='word_1_212' title='bbox 640 1817 781 1851; x_wconf 85' lang='lat' dir='ltr'>ornatu</span> <span class='ocrx_word' id='word_1_213' title='bbox 810 1809 917 1848; x_wconf 89' lang='lat' dir='ltr'>urbis</span> <span class='ocrx_word' id='word_1_214' title='bbox 949 1807 1085 1845; x_wconf 83' lang='lat' dir='ltr'>habuit</span> <span class='ocrx_word' id='word_1_215' title='bbox 1106 1804 1291 1843; x_wconf 82' lang='lat' dir='ltr'>victoriae</span> <span class='ocrx_word' id='word_1_216' title='bbox 1324 1802 1531 1844; x_wconf 83' lang='lat' dir='ltr'>rationem,</span> 
     </span>
    </p>

    <p class='ocr_par' dir='ltr' id='par_1_9' title="bbox 101 1869 1536 2208">
     <span class='ocr_line' id='line_1_27' title="bbox 101 1869 1532 1938; baseline -0.017 -10"><span class='ocrx_word' id='word_1_217' title='bbox 101 1895 143 1938; x_wconf 84' lang='lat'>65</span> <span class='ocrx_word' id='word_1_218' title='bbox 162 1887 299 1926; x_wconf 81' lang='lat' dir='ltr'>habuit</span> <span class='ocrx_word' id='word_1_219' title='bbox 327 1881 591 1923; x_wconf 86' lang='lat' dir='ltr'>humanitatis.</span> <span class='ocrx_word' id='word_1_220' title='bbox 650 1878 851 1917; x_wconf 80' lang='lat' dir='ltr'>Victoriae</span> <span class='ocrx_word' id='word_1_221' title='bbox 881 1875 1045 1927; x_wconf 84' lang='lat' dir='ltr'>putabat</span> <span class='ocrx_word' id='word_1_222' title='bbox 1073 1885 1171 1919; x_wconf 85' lang='lat' dir='ltr'>esse,</span> <span class='ocrx_word' id='word_1_223' title='bbox 1203 1871 1327 1909; x_wconf 82' lang='lat' dir='ltr'>multa</span> <span class='ocrx_word' id='word_1_224' title='bbox 1359 1869 1532 1907; x_wconf 83' lang='lat' dir='ltr'>Romam</span> 
     </span>
     <span class='ocr_line' id='line_1_28' title="bbox 166 1938 1534 2006; baseline -0.016 -11"><span class='ocrx_word' id='word_1_225' title='bbox 166 1957 385 2006; x_wconf 86' lang='lat' dir='ltr'>deportare,</span> <span class='ocrx_word' id='word_1_226' title='bbox 413 1963 515 2003; x_wconf 86' lang='lat' dir='ltr'>quae</span> <span class='ocrx_word' id='word_1_227' title='bbox 543 1954 779 1988; x_wconf 84' lang='lat' dir='ltr'>ornamento</span> <span class='ocrx_word' id='word_1_228' title='bbox 807 1945 894 1984; x_wconf 91' lang='lat' dir='ltr'>urbi</span> <span class='ocrx_word' id='word_1_229' title='bbox 923 1956 1009 1982; x_wconf 90' lang='lat' dir='ltr'>esse</span> <span class='ocrx_word' id='word_1_230' title='bbox 1033 1947 1223 1993; x_wconf 87' lang='lat' dir='ltr'>possent;</span> <span class='ocrx_word' id='word_1_231' title='bbox 1265 1938 1534 1982; x_wconf 80' lang='lat' dir='ltr'>humanitatis,</span> 
     </span>
     <span class='ocr_line' id='line_1_29' title="bbox 165 2010 1533 2072; baseline -0.015 -10"><span class='ocrx_word' id='word_1_232' title='bbox 165 2035 247 2062; x_wconf 89' lang='lat' dir='ltr'>non</span> <span class='ocrx_word' id='word_1_233' title='bbox 277 2021 394 2072; x_wconf 85' lang='lat' dir='ltr'>plane</span> <span class='ocrx_word' id='word_1_234' title='bbox 426 2017 649 2068; x_wconf 87' lang='lat' dir='ltr'>exspoliare</span> <span class='ocrx_word' id='word_1_235' title='bbox 679 2015 831 2060; x_wconf 91' lang='lat' dir='ltr'>urbem,</span> <span class='ocrx_word' id='word_1_236' title='bbox 873 2010 1103 2062; x_wconf 82' lang='lat' dir='ltr'>praesertim</span> <span class='ocrx_word' id='word_1_237' title='bbox 1137 2020 1257 2059; x_wconf 84' lang='lat' dir='ltr'>quam</span> <span class='ocrx_word' id='word_1_238' title='bbox 1298 2017 1533 2045; x_wconf 79' lang='lat' dir='ltr'>conservare</span> 
     </span>
     <span class='ocr_line' id='line_1_30' title="bbox 167 2072 1536 2135; baseline -0.016 -5"><span class='ocrx_word' id='word_1_239' title='bbox 167 2090 364 2131; x_wconf 86' lang='lat' dir='ltr'>voluisset.</span> <span class='ocrx_word' id='word_1_240' title='bbox 423 2085 472 2125; x_wconf 88' lang='lat' dir='ltr'>In</span> <span class='ocrx_word' id='word_1_241' title='bbox 492 2085 567 2123; x_wconf 85' lang='lat' dir='ltr'>hac</span> <span class='ocrx_word' id='word_1_242' title='bbox 598 2082 806 2135; x_wconf 83' lang='lat' dir='ltr'>partitione</span> <span class='ocrx_word' id='word_1_243' title='bbox 835 2086 998 2118; x_wconf 81' lang='lat' dir='ltr'>ornatus</span> <span class='ocrx_word' id='word_1_244' title='bbox 1028 2089 1109 2115; x_wconf 89' lang='lat' dir='ltr'>non</span> <span class='ocrx_word' id='word_1_245' title='bbox 1131 2076 1218 2127; x_wconf 89' lang='lat' dir='ltr'>plus</span> <span class='ocrx_word' id='word_1_246' title='bbox 1241 2073 1403 2112; x_wconf 74' lang='lat' dir='ltr'>victoria</span> <span class='ocrx_word' id='word_1_247' title='bbox 1429 2072 1536 2110; x_wconf 74' lang='lat' dir='ltr'>Mar-</span> 
     </span>
     <span class='ocr_line' id='line_1_31' title="bbox 168 2140 1535 2208; baseline -0.015 -11"><span class='ocrx_word' id='word_1_248' title='bbox 168 2158 254 2198; x_wconf 89' lang='lat' dir='ltr'>celli</span> <span class='ocrx_word' id='word_1_249' title='bbox 275 2155 424 2208; x_wconf 91' lang='lat' dir='ltr'>populo</span> <span class='ocrx_word' id='word_1_250' title='bbox 453 2152 641 2191; x_wconf 85' lang='lat' dir='ltr'>Romano</span> <span class='ocrx_word' id='word_1_251' title='bbox 663 2148 859 2200; x_wconf 85' lang='lat' dir='ltr'>appetivit,</span> <span class='ocrx_word' id='word_1_252' title='bbox 883 2159 1002 2197; x_wconf 82' lang='lat' dir='ltr'>quam</span> <span class='ocrx_word' id='word_1_253' title='bbox 1034 2143 1257 2182; x_wconf 80' lang='lat' dir='ltr'>humanitas</span> <span class='ocrx_word' id='word_1_254' title='bbox 1281 2140 1535 2192; x_wconf 69' lang='lat' dir='ltr'>Syracusanis</span> 
     </span>
    </p>

    <p class='ocr_par' dir='ltr' id='par_1_10' title="bbox 109 2207 1536 2466">
     <span class='ocr_line' id='line_1_32' title="bbox 109 2207 1536 2278; baseline -0.017 -12"><span class='ocrx_word' id='word_1_255' title='bbox 109 2245 149 2278; x_wconf 85' lang='lat'>70</span> <span class='ocrx_word' id='word_1_256' title='bbox 167 2223 388 2265; x_wconf 88' lang='lat' dir='ltr'>reservavit.</span> <span class='ocrx_word' id='word_1_257' title='bbox 450 2221 622 2259; x_wconf 85' lang='lat' dir='ltr'>Romam</span> <span class='ocrx_word' id='word_1_258' title='bbox 644 2230 744 2269; x_wconf 83' lang='lat' dir='ltr'>quae</span> <span class='ocrx_word' id='word_1_259' title='bbox 772 2221 974 2265; x_wconf 81' lang='lat' dir='ltr'>asportata</span> <span class='ocrx_word' id='word_1_260' title='bbox 1002 2219 1091 2250; x_wconf 88' lang='lat' dir='ltr'>sunt</span> <span class='ocrx_word' id='word_1_261' title='bbox 1114 2211 1164 2248; x_wconf 82' lang='lat' dir='ltr'>nd</span> <span class='ocrx_word' id='word_1_262' title='bbox 1192 2209 1331 2248; x_wconf 83' lang='lat' dir='ltr'>aedem</span> <span class='ocrx_word' id='word_1_263' title='bbox 1356 2207 1536 2245; x_wconf 54' lang='lat' dir='ltr'>Honoris</span> 
     </span>
     <span class='ocr_line' id='line_1_33' title="bbox 171 2275 1533 2344; baseline -0.015 -12"><span class='ocrx_word' id='word_1_264' title='bbox 171 2300 288 2344; x_wconf 86' lang='lat' dir='ltr'>atque</span> <span class='ocrx_word' id='word_1_265' title='bbox 318 2289 482 2328; x_wconf 85' lang='lat' dir='ltr'>Virtutis</span> <span class='ocrx_word' id='word_1_266' title='bbox 523 2288 696 2336; x_wconf 85' lang='lat' dir='ltr'>itemque</span> <span class='ocrx_word' id='word_1_267' title='bbox 737 2284 821 2322; x_wconf 87' lang='lat' dir='ltr'>aliis</span> <span class='ocrx_word' id='word_1_268' title='bbox 863 2283 899 2320; x_wconf 88' lang='lat' dir='ltr'>in</span> <span class='ocrx_word' id='word_1_269' title='bbox 941 2281 1037 2319; x_wconf 84' lang='lat' dir='ltr'>locis</span> <span class='ocrx_word' id='word_1_270' title='bbox 1084 2279 1274 2317; x_wconf 78' lang='lat' dir='ltr'>videmus.</span> <span class='ocrx_word' id='word_1_271' title='bbox 1348 2275 1453 2314; x_wconf 78' lang='lat' dir='ltr'>Nihil</span> <span class='ocrx_word' id='word_1_272' title='bbox 1496 2277 1533 2312; x_wconf 85' lang='lat' dir='ltr'>in</span> 
     </span>
     <span class='ocr_line' id='line_1_34' title="bbox 171 2342 1533 2403; baseline -0.016 -5"><span class='ocrx_word' id='word_1_273' title='bbox 171 2359 346 2403; x_wconf 84' lang='lat' dir='ltr'>aedibus,</span> <span class='ocrx_word' id='word_1_274' title='bbox 379 2355 473 2394; x_wconf 87' lang='lat' dir='ltr'>nihil</span> <span class='ocrx_word' id='word_1_275' title='bbox 504 2354 542 2392; x_wconf 88' lang='lat' dir='ltr'>in</span> <span class='ocrx_word' id='word_1_276' title='bbox 571 2352 694 2390; x_wconf 85' lang='lat' dir='ltr'>hortis</span> <span class='ocrx_word' id='word_1_277' title='bbox 719 2350 862 2401; x_wconf 75' lang='lat' dir='ltr'>posuit,</span> <span class='ocrx_word' id='word_1_278' title='bbox 894 2347 986 2385; x_wconf 87' lang='lat' dir='ltr'>nihil</span> <span class='ocrx_word' id='word_1_279' title='bbox 1018 2348 1056 2384; x_wconf 88' lang='lat' dir='ltr'>in</span> <span class='ocrx_word' id='word_1_280' title='bbox 1089 2345 1342 2383; x_wconf 74' lang='lat' dir='ltr'>suburbano:</span> <span class='ocrx_word' id='word_1_281' title='bbox 1376 2342 1533 2391; x_wconf 63' lang='lat' dir='ltr'>putarit,</span> 
     </span>
     <span class='ocr_line' id='line_1_35' title="bbox 172 2409 1532 2466; baseline -0.015 -1"><span class='ocrx_word' id='word_1_282' title='bbox 172 2427 203 2466; x_wconf 87' lang='lat' dir='ltr'>si</span> <span class='ocrx_word' id='word_1_283' title='bbox 227 2425 348 2464; x_wconf 89' lang='lat' dir='ltr'>Urbis</span> <span class='ocrx_word' id='word_1_284' title='bbox 377 2429 611 2462; x_wconf 81' lang='lat' dir='ltr'>ornamenta</span> <span class='ocrx_word' id='word_1_285' title='bbox 639 2419 803 2457; x_wconf 85' lang='lat' dir='ltr'>domum</span> <span class='ocrx_word' id='word_1_286' title='bbox 836 2429 946 2454; x_wconf 82' lang='lat' dir='ltr'>suam</span> <span class='ocrx_word' id='word_1_287' title='bbox 978 2426 1060 2452; x_wconf 87' lang='lat' dir='ltr'>non</span> <span class='ocrx_word' id='word_1_288' title='bbox 1093 2411 1334 2455; x_wconf 63' lang='lat' dir='ltr'>contulisset,</span> <span class='ocrx_word' id='word_1_289' title='bbox 1369 2409 1532 2446; x_wconf 74' lang='lat' dir='ltr'>domum</span> 
     </span>
    </p>
   </div>
  </div>
 </body>
</html>
