<?xml version="1.0" encoding="UTF-8"?>
<!DOCTYPE html PUBLIC "-//W3C//DTD XHTML 1.0 Transitional//EN"
    "http://www.w3.org/TR/xhtml1/DTD/xhtml1-transitional.dtd">
<html xmlns="http://www.w3.org/1999/xhtml" xml:lang="en" lang="en">
 <head>
  <title>
</title>
<meta http-equiv="Content-Type" content="text/html;charset=utf-8" />
  <meta name='ocr-system' content='tesseract 3.04.00' />
  <meta name='ocr-capabilities' content='ocr_page ocr_carea ocr_par ocr_line ocrx_word'/>
</head>
<body>
  <div class='ocr_page' id='page_1' title='image "./extractsfromcice03ciceuoft_0035.png"; bbox 0 0 1747 2620; ppageno 0'>
   <div class='ocr_carea' id='block_1_1' title="bbox 165 68 1542 138">
    <p class='ocr_par' dir='ltr' id='par_1_1' title="bbox 165 68 1542 138">
     <span class='ocr_line' id='line_1_1' title="bbox 165 68 1542 138; baseline -0.031 -5"><span class='ocrx_word' id='word_1_1' title='bbox 165 101 212 133; x_wconf 88' lang='lat'>11.</span> <span class='ocrx_word' id='word_1_2' title='bbox 245 107 280 138; x_wconf 83' lang='lat'>3.</span> <span class='ocrx_word' id='word_1_3' title='bbox 402 81 584 125; x_wconf 80' lang='lat' dir='ltr'>ROME&#39;S</span> <span class='ocrx_word' id='word_1_4' title='bbox 616 82 744 117; x_wconf 82' lang='lat' dir='ltr'>RULE</span> <span class='ocrx_word' id='word_1_5' title='bbox 779 80 838 113; x_wconf 85' lang='lat' dir='ltr'>OF</span> <span class='ocrx_word' id='word_1_6' title='bbox 871 77 969 109; x_wconf 59' lang='grc' dir='ltr'>ΗΕΒ</span> <span class='ocrx_word' id='word_1_7' title='bbox 1004 70 1296 106; x_wconf 77' lang='lat' dir='ltr'>PROVINCES.</span> <span class='ocrx_word' id='word_1_8' title='bbox 1460 69 1482 99; x_wconf 81' lang='lat'>2</span> <span class='ocrx_word' id='word_1_9' title='bbox 1489 69 1513 112; x_wconf 83' lang='lat'>3</span> <span class='ocrx_word' id='word_1_10' title='bbox 1519 68 1542 111; x_wconf 81' lang='lat'>3</span> 
     </span>
    </p>
   </div>
   <div class='ocr_carea' id='block_1_2' title="bbox 81 171 1566 2504">
    <p class='ocr_par' dir='ltr' id='par_1_2' title="bbox 81 171 1563 2223">
     <span class='ocr_line' id='line_1_2' title="bbox 163 171 1542 253; baseline -0.03 -9"><span class='ocrx_word' id='word_1_11' title='bbox 163 203 391 253; x_wconf 86' lang='lat' dir='ltr'>navigasset</span> <span class='ocrx_word' id='word_1_12' title='bbox 411 194 628 243; x_wconf 82' lang='lat' dir='ltr'>omniaque</span> <span class='ocrx_word' id='word_1_13' title='bbox 648 186 852 227; x_wconf 81' lang='lat' dir='ltr'>habuisset</span> <span class='ocrx_word' id='word_1_14' title='bbox 873 180 1063 232; x_wconf 83' lang='lat' dir='ltr'>aequiora</span> <span class='ocrx_word' id='word_1_15' title='bbox 1084 183 1123 216; x_wconf 92' lang='lat' dir='ltr'>et</span> <span class='ocrx_word' id='word_1_16' title='bbox 1143 171 1401 226; x_wconf 77' lang='lat' dir='ltr'>placabiliora</span> <span class='ocrx_word' id='word_1_17' title='bbox 1423 179 1542 219; x_wconf 87' lang='lat' dir='ltr'>quam</span> 
     </span>
     <span class='ocr_line' id='line_1_3' title="bbox 164 235 1544 318; baseline -0.03 -6"><span class='ocrx_word' id='word_1_18' title='bbox 164 272 341 312; x_wconf 88' lang='lat' dir='ltr'>animum</span> <span class='ocrx_word' id='word_1_19' title='bbox 363 261 557 318; x_wconf 87' lang='lat' dir='ltr'>praetoris</span> <span class='ocrx_word' id='word_1_20' title='bbox 579 266 697 310; x_wconf 91' lang='lat' dir='ltr'>atque</span> <span class='ocrx_word' id='word_1_21' title='bbox 717 252 898 304; x_wconf 79' lang='lat' dir='ltr'>hospitis,</span> <span class='ocrx_word' id='word_1_22' title='bbox 916 261 1001 289; x_wconf 89' lang='lat' dir='ltr'>rem</span> <span class='ocrx_word' id='word_1_23' title='bbox 1023 246 1074 285; x_wconf 89' lang='lat' dir='ltr'>ad</span> <span class='ocrx_word' id='word_1_24' title='bbox 1097 244 1250 283; x_wconf 86' lang='lat' dir='ltr'>amicos</span> <span class='ocrx_word' id='word_1_25' title='bbox 1272 250 1366 278; x_wconf 91' lang='lat' dir='ltr'>suos</span> <span class='ocrx_word' id='word_1_26' title='bbox 1388 235 1544 275; x_wconf 85' lang='lat' dir='ltr'>detulit:</span> 
     </span>
     <span class='ocr_line' id='line_1_4' title="bbox 164 306 1474 392; baseline -0.03 -12"><span class='ocrx_word' id='word_1_27' title='bbox 164 352 279 392; x_wconf 91' lang='lat' dir='ltr'>quae,</span> <span class='ocrx_word' id='word_1_28' title='bbox 300 343 343 376; x_wconf 88' lang='lat' dir='ltr'>ut</span> <span class='ocrx_word' id='word_1_29' title='bbox 363 339 446 374; x_wconf 92' lang='lat' dir='ltr'>erat</span> <span class='ocrx_word' id='word_1_30' title='bbox 465 329 610 371; x_wconf 87' lang='lat' dir='ltr'>acerba</span> <span class='ocrx_word' id='word_1_31' title='bbox 630 332 748 376; x_wconf 90' lang='lat' dir='ltr'>atque</span> <span class='ocrx_word' id='word_1_32' title='bbox 769 321 946 370; x_wconf 82' lang='lat' dir='ltr'>indigna,</span> <span class='ocrx_word' id='word_1_33' title='bbox 970 316 1028 356; x_wconf 86' lang='lat' dir='ltr'>sic</span> <span class='ocrx_word' id='word_1_34' title='bbox 1048 313 1254 352; x_wconf 88' lang='lat' dir='ltr'>videbatur</span> <span class='ocrx_word' id='word_1_35' title='bbox 1275 306 1474 346; x_wconf 85' lang='lat' dir='ltr'>omnibus.</span> 
     </span>
     <span class='ocr_line' id='line_1_5' title="bbox 81 372 1545 460; baseline -0.029 -10"><span class='ocrx_word' id='word_1_36' title='bbox 81 427 143 460; x_wconf 76' lang='lat'>135</span> <span class='ocrx_word' id='word_1_37' title='bbox 223 408 260 445; x_wconf 91' lang='lat'>6.</span> <span class='ocrx_word' id='word_1_38' title='bbox 290 405 432 454; x_wconf 90' lang='lat' dir='ltr'>Itaque</span> <span class='ocrx_word' id='word_1_39' title='bbox 462 400 504 438; x_wconf 91' lang='lat' dir='ltr'>in</span> <span class='ocrx_word' id='word_1_40' title='bbox 537 401 677 437; x_wconf 90' lang='lat' dir='ltr'>senatu</span> <span class='ocrx_word' id='word_1_41' title='bbox 707 390 899 432; x_wconf 89' lang='lat' dir='ltr'>continuo</span> <span class='ocrx_word' id='word_1_42' title='bbox 932 385 1007 425; x_wconf 89' lang='lat' dir='ltr'>Cn.</span> <span class='ocrx_word' id='word_1_43' title='bbox 1032 381 1225 422; x_wconf 83' lang='lat' dir='ltr'><strong>Lentulus</strong></span> <span class='ocrx_word' id='word_1_44' title='bbox 1256 383 1294 416; x_wconf 88' lang='lat' dir='ltr'>et</span> <span class='ocrx_word' id='word_1_45' title='bbox 1324 375 1370 413; x_wconf 88' lang='lat' dir='ltr'>L.</span> <span class='ocrx_word' id='word_1_46' title='bbox 1393 372 1545 412; x_wconf 81' lang='lat' dir='ltr'>Gellius</span> 
     </span>
     <span class='ocr_line' id='line_1_6' title="bbox 165 444 1545 518; baseline -0.029 -1"><span class='ocrx_word' id='word_1_47' title='bbox 165 473 351 518; x_wconf 90' lang='lat' dir='ltr'>consules</span> <span class='ocrx_word' id='word_1_48' title='bbox 378 469 528 510; x_wconf 87' lang='lat' dir='ltr'>faciunt</span> <span class='ocrx_word' id='word_1_49' title='bbox 558 462 818 506; x_wconf 83' lang='lat' dir='ltr'>mentionem,</span> <span class='ocrx_word' id='word_1_50' title='bbox 841 456 998 508; x_wconf 87' lang='lat' dir='ltr'>placere</span> <span class='ocrx_word' id='word_1_51' title='bbox 1028 450 1158 496; x_wconf 86' lang='lat' dir='ltr'>statui,</span> <span class='ocrx_word' id='word_1_52' title='bbox 1181 448 1213 487; x_wconf 89' lang='lat' dir='ltr'>si</span> <span class='ocrx_word' id='word_1_53' title='bbox 1240 444 1418 497; x_wconf 89' lang='lat' dir='ltr'>patribus</span> <span class='ocrx_word' id='word_1_54' title='bbox 1449 452 1545 480; x_wconf 89' lang='lat' dir='ltr'>con-</span> 
     </span>
     <span class='ocr_line' id='line_1_7' title="bbox 165 520 1547 596; baseline -0.029 -11"><span class='ocrx_word' id='word_1_55' title='bbox 165 543 321 596; x_wconf 82' lang='lat' dir='ltr'>scriptis</span> <span class='ocrx_word' id='word_1_56' title='bbox 360 539 569 581; x_wconf 86' lang='lat' dir='ltr'>videretur,</span> <span class='ocrx_word' id='word_1_57' title='bbox 603 544 656 572; x_wconf 90' lang='lat' dir='ltr'>NE</span> <span class='ocrx_word' id='word_1_58' title='bbox 696 538 892 569; x_wconf 77' lang='lat' dir='ltr'>ABSENTES</span> <span class='ocrx_word' id='word_1_59' title='bbox 931 532 1106 563; x_wconf 76' lang='lat' dir='ltr'>HomNEs</span> <span class='ocrx_word' id='word_1_60' title='bbox 1146 529 1187 556; x_wconf 91' lang='lat' dir='ltr'>1N</span> <span class='ocrx_word' id='word_1_61' title='bbox 1228 522 1446 554; x_wconf 73' lang='lat' dir='ltr'>PRovnzcus</span> <span class='ocrx_word' id='word_1_62' title='bbox 1480 520 1547 547; x_wconf 87' lang='lat' dir='ltr'>RE1</span> 
     </span>
     <span class='ocr_line' id='line_1_8' title="bbox 166 578 1547 654; baseline -0.028 0"><span class='ocrx_word' id='word_1_63' title='bbox 166 623 338 654; x_wconf 79' lang='lat' dir='ltr'>FIERENT</span> <span class='ocrx_word' id='word_1_64' title='bbox 364 619 504 648; x_wconf 77' lang='lat' dir='ltr'>RERUM</span> <span class='ocrx_word' id='word_1_65' title='bbox 532 610 802 644; x_wconf 79' lang='lat' dir='ltr'>CAPITAL1UM:</span> <span class='ocrx_word' id='word_1_66' title='bbox 835 604 999 635; x_wconf 85' lang='lat' dir='ltr'>causam</span> <span class='ocrx_word' id='word_1_67' title='bbox 1028 587 1180 629; x_wconf 81' lang='lat' dir='ltr'>Sthenii</span> <span class='ocrx_word' id='word_1_68' title='bbox 1212 591 1348 628; x_wconf 83' lang='lat' dir='ltr'>totam,</span> <span class='ocrx_word' id='word_1_69' title='bbox 1370 588 1408 619; x_wconf 85' lang='lat' dir='ltr'>ct</span> <span class='ocrx_word' id='word_1_70' title='bbox 1436 578 1547 618; x_wconf 78' lang='lat' dir='ltr'>istius</span> 
     </span>
     <span class='ocr_line' id='line_1_9' title="bbox 167 648 1548 722; baseline -0.029 0"><span class='ocrx_word' id='word_1_71' title='bbox 167 679 439 722; x_wconf 88' lang='lat' dir='ltr'>crudelitatem</span> <span class='ocrx_word' id='word_1_72' title='bbox 470 681 508 713; x_wconf 93' lang='lat' dir='ltr'>et</span> <span class='ocrx_word' id='word_1_73' title='bbox 535 669 783 721; x_wconf 88' lang='lat' dir='ltr'>iniquitatem</span> <span class='ocrx_word' id='word_1_74' title='bbox 813 669 996 703; x_wconf 85' lang='lat' dir='ltr'>senatum</span> <span class='ocrx_word' id='word_1_75' title='bbox 1025 658 1179 697; x_wconf 86' lang='lat' dir='ltr'>docent.</span> <span class='ocrx_word' id='word_1_76' title='bbox 1241 651 1391 690; x_wconf 68' lang='lat' dir='ltr'>Aderat</span> <span class='ocrx_word' id='word_1_77' title='bbox 1418 648 1458 686; x_wconf 87' lang='lat' dir='ltr'>in</span> <span class='ocrx_word' id='word_1_78' title='bbox 1488 658 1548 684; x_wconf 91' lang='lat' dir='ltr'>se-</span> 
     </span>
     <span class='ocr_line' id='line_1_10' title="bbox 84 722 1549 802; baseline -0.029 -9"><span class='ocrx_word' id='word_1_79' title='bbox 84 767 148 802; x_wconf 85' lang='lat'>¹40</span> <span class='ocrx_word' id='word_1_80' title='bbox 167 757 262 790; x_wconf 91' lang='lat' dir='ltr'>natu</span> <span class='ocrx_word' id='word_1_81' title='bbox 282 746 442 791; x_wconf 85' lang='lat' dir='ltr'>Verres,</span> <span class='ocrx_word' id='word_1_82' title='bbox 463 748 575 793; x_wconf 87' lang='lat' dir='ltr'>pater</span> <span class='ocrx_word' id='word_1_83' title='bbox 596 738 720 784; x_wconf 91' lang='lat' dir='ltr'>istius,</span> <span class='ocrx_word' id='word_1_84' title='bbox 743 741 781 773; x_wconf 91' lang='lat' dir='ltr'>et</span> <span class='ocrx_word' id='word_1_85' title='bbox 801 732 902 771; x_wconf 87' lang='lat' dir='ltr'>flens</span> <span class='ocrx_word' id='word_1_86' title='bbox 933 739 1060 768; x_wconf 89' lang='lat' dir='ltr'>unum</span> <span class='ocrx_word' id='word_1_87' title='bbox 1087 733 1288 775; x_wconf 83' lang='lat' dir='ltr'>quemque</span> <span class='ocrx_word' id='word_1_88' title='bbox 1320 722 1549 757; x_wconf 84' lang='lat' dir='ltr'>senatorem</span> 
     </span>
     <span class='ocr_line' id='line_1_11' title="bbox 168 782 1550 871; baseline -0.029 -12"><span class='ocrx_word' id='word_1_89' title='bbox 168 818 347 871; x_wconf 84' lang='lat' dir='ltr'>rogabat,</span> <span class='ocrx_word' id='word_1_90' title='bbox 374 819 418 852; x_wconf 89' lang='lat' dir='ltr'>ut</span> <span class='ocrx_word' id='word_1_91' title='bbox 447 811 528 850; x_wconf 89' lang='lat' dir='ltr'>filio</span> <span class='ocrx_word' id='word_1_92' title='bbox 559 819 633 847; x_wconf 92' lang='lat' dir='ltr'>suo</span> <span class='ocrx_word' id='word_1_93' title='bbox 664 807 866 857; x_wconf 80' lang='lat' dir='ltr'>parceret3</span> <span class='ocrx_word' id='word_1_94' title='bbox 903 808 1033 847; x_wconf 89' lang='lat' dir='ltr'>neque</span> <span class='ocrx_word' id='word_1_95' title='bbox 1065 801 1201 832; x_wconf 85' lang='lat' dir='ltr'>tamen</span> <span class='ocrx_word' id='word_1_96' title='bbox 1231 787 1399 828; x_wconf 86' lang='lat' dir='ltr'>multum</span> <span class='ocrx_word' id='word_1_97' title='bbox 1431 782 1550 835; x_wconf 81' lang='lat' dir='ltr'>profi-</span> 
     </span>
     <span class='ocr_line' id='line_1_12' title="bbox 170 851 1551 926; baseline -0.029 2"><span class='ocrx_word' id='word_1_98' title='bbox 170 887 322 926; x_wconf 88' lang='lat' dir='ltr'>ciebat:</span> <span class='ocrx_word' id='word_1_99' title='bbox 344 888 427 922; x_wconf 91' lang='lat' dir='ltr'>erat</span> <span class='ocrx_word' id='word_1_100' title='bbox 447 879 554 919; x_wconf 89' lang='lat' dir='ltr'>enirn</span> <span class='ocrx_word' id='word_1_101' title='bbox 575 885 734 915; x_wconf 90' lang='lat' dir='ltr'>summa</span> <span class='ocrx_word' id='word_1_102' title='bbox 749 869 932 908; x_wconf 85' lang='lat' dir='ltr'>voluntas</span> <span class='ocrx_word' id='word_1_103' title='bbox 949 870 1118 904; x_wconf 90' lang='lat' dir='ltr'>senatus.</span> <span class='ocrx_word' id='word_1_104' title='bbox 1171 859 1311 908; x_wconf 86' lang='lat' dir='ltr'>Itaque</span> <span class='ocrx_word' id='word_1_105' title='bbox 1330 851 1551 893; x_wconf 85' lang='lat' dir='ltr'>sententiae</span> 
     </span>
     <span class='ocr_line' id='line_1_13' title="bbox 171 930 1552 995; baseline -0.028 0"><span class='ocrx_word' id='word_1_106' title='bbox 171 955 414 995; x_wconf 87' lang='lat' dir='ltr'>dicebantur,</span> <span class='ocrx_word' id='word_1_107' title='bbox 447 958 562 993; x_wconf 77' lang='lat' dir='ltr'>Quum</span> <span class='ocrx_word' id='word_1_108' title='bbox 601 951 794 983; x_wconf 76' lang='lat' dir='ltr'>STHEMUS</span> <span class='ocrx_word' id='word_1_109' title='bbox 834 946 976 976; x_wconf 73' lang='lat' dir='ltr'>ABSENS</span> <span class='ocrx_word' id='word_1_110' title='bbox 1010 934 1110 970; x_wconf 83' lang='lat' dir='ltr'>REUS</span> <span class='ocrx_word' id='word_1_111' title='bbox 1150 937 1301 967; x_wconf 78' lang='lat' dir='ltr'>FACTUS</span> <span class='ocrx_word' id='word_1_112' title='bbox 1340 933 1468 967; x_wconf 89' lang='lat' dir='ltr'>ESSET,</span> <span class='ocrx_word' id='word_1_113' title='bbox 1500 930 1552 957; x_wconf 89' lang='lat' dir='ltr'>DE</span> 
     </span>
     <span class='ocr_line' id='line_1_14' title="bbox 172 1000 1552 1063; baseline -0.028 1"><span class='ocrx_word' id='word_1_114' title='bbox 172 1033 348 1063; x_wconf 76' lang='lat' dir='ltr'>ABSENTE</span> <span class='ocrx_word' id='word_1_115' title='bbox 395 1025 581 1057; x_wconf 71' lang='lat' dir='ltr'>rumorum</span> <span class='ocrx_word' id='word_1_116' title='bbox 633 1019 804 1050; x_wconf 80' lang='lat' dir='ltr'>NULLUM</span> <span class='ocrx_word' id='word_1_117' title='bbox 853 1015 961 1043; x_wconf 81' lang='lat' dir='ltr'>FIERI</span> <span class='ocrx_word' id='word_1_118' title='bbox 1006 1009 1196 1042; x_wconf 83' lang='lat' dir='ltr'>PLACERE,</span> <span class='ocrx_word' id='word_1_119' title='bbox 1246 1006 1310 1041; x_wconf 86' lang='lat' dir='ltr'>ET,</span> <span class='ocrx_word' id='word_1_120' title='bbox 1360 1004 1394 1031; x_wconf 79' lang='lat' dir='ltr'>sr</span> <span class='ocrx_word' id='word_1_121' title='bbox 1443 1000 1552 1034; x_wconf 79' lang='lat' dir='ltr'>Quor&gt;</span> 
     </span>
     <span class='ocr_line' id='line_1_15' title="bbox 89 1056 1553 1142; baseline -0.029 -7"><span class='ocrx_word' id='word_1_122' title='bbox 89 1107 151 1142; x_wconf 87' lang='lat'>¹45</span> <span class='ocrx_word' id='word_1_123' title='bbox 171 1102 289 1132; x_wconf 91' lang='lat' dir='ltr'>ESSET</span> <span class='ocrx_word' id='word_1_124' title='bbox 338 1096 514 1130; x_wconf 72' lang='lat' dir='ltr'>FACTum,</span> <span class='ocrx_word' id='word_1_125' title='bbox 562 1093 603 1119; x_wconf 87' lang='lat' dir='ltr'>ID</span> <span class='ocrx_word' id='word_1_126' title='bbox 652 1087 796 1116; x_wconf 77' lang='lat' dir='ltr'>RATUM</span> <span class='ocrx_word' id='word_1_127' title='bbox 845 1082 936 1111; x_wconf 88' lang='lat' dir='ltr'>ESSE</span> <span class='ocrx_word' id='word_1_128' title='bbox 984 1079 1064 1108; x_wconf 87' lang='lat' dir='ltr'>NON</span> <span class='ocrx_word' id='word_1_129' title='bbox 1114 1074 1303 1104; x_wconf 80' lang='lat' dir='ltr'>PLACERE.</span> <span class='ocrx_word' id='word_1_130' title='bbox 1376 1057 1439 1097; x_wconf 88' lang='lat' dir='ltr'>Eo</span> <span class='ocrx_word' id='word_1_131' title='bbox 1489 1056 1553 1094; x_wconf 90' lang='lat' dir='ltr'>die</span> 
     </span>
     <span class='ocr_line' id='line_1_16' title="bbox 171 1126 1554 1208; baseline -0.029 -8"><span class='ocrx_word' id='word_1_132' title='bbox 171 1156 338 1208; x_wconf 86' lang='lat' dir='ltr'>transigi</span> <span class='ocrx_word' id='word_1_133' title='bbox 368 1152 465 1193; x_wconf 88' lang='lat' dir='ltr'>nihil</span> <span class='ocrx_word' id='word_1_134' title='bbox 494 1148 634 1202; x_wconf 86' lang='lat' dir='ltr'>potuit,</span> <span class='ocrx_word' id='word_1_135' title='bbox 658 1143 769 1197; x_wconf 90' lang='lat' dir='ltr'>quod</span> <span class='ocrx_word' id='word_1_136' title='bbox 798 1148 837 1181; x_wconf 89' lang='lat' dir='ltr'>et</span> <span class='ocrx_word' id='word_1_137' title='bbox 866 1139 907 1178; x_wconf 89' lang='lat' dir='ltr'>id</span> <span class='ocrx_word' id='word_1_138' title='bbox 937 1134 1130 1186; x_wconf 90' lang='lat' dir='ltr'>temporis</span> <span class='ocrx_word' id='word_1_139' title='bbox 1161 1138 1255 1177; x_wconf 89' lang='lat' dir='ltr'>erat,</span> <span class='ocrx_word' id='word_1_140' title='bbox 1278 1135 1316 1168; x_wconf 93' lang='lat' dir='ltr'>et</span> <span class='ocrx_word' id='word_1_141' title='bbox 1346 1126 1420 1173; x_wconf 90' lang='lat' dir='ltr'>ille,</span> <span class='ocrx_word' id='word_1_142' title='bbox 1443 1131 1554 1176; x_wconf 88' lang='lat' dir='ltr'>pater</span> 
     </span>
     <span class='ocr_line' id='line_1_17' title="bbox 173 1198 1554 1273; baseline -0.028 -5"><span class='ocrx_word' id='word_1_143' title='bbox 173 1227 297 1273; x_wconf 86' lang='lat' dir='ltr'>istius,</span> <span class='ocrx_word' id='word_1_144' title='bbox 317 1225 524 1263; x_wconf 88' lang='lat' dir='ltr'>invenerat</span> <span class='ocrx_word' id='word_1_145' title='bbox 549 1215 747 1259; x_wconf 88' lang='lat' dir='ltr'>homines,</span> <span class='ocrx_word' id='word_1_146' title='bbox 770 1210 837 1261; x_wconf 89' lang='lat' dir='ltr'>qui</span> <span class='ocrx_word' id='word_1_147' title='bbox 868 1205 1040 1247; x_wconf 87' lang='lat' dir='ltr'>dicendo</span> <span class='ocrx_word' id='word_1_148' title='bbox 1070 1210 1230 1252; x_wconf 88' lang='lat' dir='ltr'>tempus</span> <span class='ocrx_word' id='word_1_149' title='bbox 1260 1198 1554 1237; x_wconf 81' lang='lat' dir='ltr'>consumerent.</span> 
     </span>
     <span class='ocr_line' id='line_1_18' title="bbox 173 1260 1554 1335; baseline -0.028 1"><span class='ocrx_word' id='word_1_150' title='bbox 173 1296 322 1335; x_wconf 87' lang='lat' dir='ltr'>Postea</span> <span class='ocrx_word' id='word_1_151' title='bbox 342 1302 467 1331; x_wconf 82' lang='lat' dir='ltr'>senex</span> <span class='ocrx_word' id='word_1_152' title='bbox 482 1286 630 1326; x_wconf 89' lang='lat' dir='ltr'>Verres</span> <span class='ocrx_word' id='word_1_153' title='bbox 652 1281 883 1322; x_wconf 90' lang='lat' dir='ltr'>defensores</span> <span class='ocrx_word' id='word_1_154' title='bbox 905 1282 1024 1325; x_wconf 88' lang='lat' dir='ltr'>atque</span> <span class='ocrx_word' id='word_1_155' title='bbox 1045 1270 1224 1321; x_wconf 86' lang='lat' dir='ltr'>hospites</span> <span class='ocrx_word' id='word_1_156' title='bbox 1241 1277 1384 1306; x_wconf 89' lang='lat' dir='ltr'>omnes</span> <span class='ocrx_word' id='word_1_157' title='bbox 1403 1260 1554 1302; x_wconf 86' lang='lat' dir='ltr'>Sthenii</span> 
     </span>
     <span class='ocr_line' id='line_1_19' title="bbox 176 1335 1555 1408; baseline -0.028 -3"><span class='ocrx_word' id='word_1_158' title='bbox 176 1361 384 1405; x_wconf 86' lang='lat' dir='ltr'>convenit:</span> <span class='ocrx_word' id='word_1_159' title='bbox 416 1362 532 1408; x_wconf 84' lang='lat' dir='ltr'>rogat</span> <span class='ocrx_word' id='word_1_160' title='bbox 558 1365 630 1393; x_wconf 91' lang='lat' dir='ltr'>eos</span> <span class='ocrx_word' id='word_1_161' title='bbox 657 1357 775 1401; x_wconf 91' lang='lat' dir='ltr'>atque</span> <span class='ocrx_word' id='word_1_162' title='bbox 805 1352 903 1391; x_wconf 86' lang='lat' dir='ltr'>orat,</span> <span class='ocrx_word' id='word_1_163' title='bbox 925 1356 976 1382; x_wconf 87' lang='lat' dir='ltr'>ne</span> <span class='ocrx_word' id='word_1_164' title='bbox 1001 1343 1240 1392; x_wconf 81' lang='lat' dir='ltr'>oppugnent</span> <span class='ocrx_word' id='word_1_165' title='bbox 1268 1335 1392 1374; x_wconf 89' lang='lat' dir='ltr'>filium</span> <span class='ocrx_word' id='word_1_166' title='bbox 1417 1342 1555 1371; x_wconf 88' lang='lat' dir='ltr'>suum:</span> 
     </span>
     <span class='ocr_line' id='line_1_20' title="bbox 82 1409 1558 1481; baseline -0.026 -8"><span class='ocrx_word' id='word_1_167' title='bbox 82 1440 158 1481; x_wconf 81' lang='lat'><strong>‘150</strong></span> <span class='ocrx_word' id='word_1_168' title='bbox 178 1433 227 1473; x_wconf 85' lang='lat' dir='ltr'>de</span> <span class='ocrx_word' id='word_1_169' title='bbox 250 1428 416 1470; x_wconf 86' lang='lat' dir='ltr'>Sthenio</span> <span class='ocrx_word' id='word_1_170' title='bbox 437 1438 489 1464; x_wconf 91' lang='lat' dir='ltr'>ne</span> <span class='ocrx_word' id='word_1_171' title='bbox 510 1423 717 1462; x_wconf 88' lang='lat' dir='ltr'>laborent:</span> <span class='ocrx_word' id='word_1_172' title='bbox 744 1414 954 1455; x_wconf 87' lang='lat' dir='ltr'>confirmat</span> <span class='ocrx_word' id='word_1_173' title='bbox 973 1409 1047 1456; x_wconf 89' lang='lat' dir='ltr'>his,</span> <span class='ocrx_word' id='word_1_174' title='bbox 1070 1412 1299 1447; x_wconf 89' lang='lat' dir='ltr'>curaturum</span> <span class='ocrx_word' id='word_1_175' title='bbox 1321 1414 1362 1441; x_wconf 91' lang='lat' dir='ltr'>se</span> <span class='ocrx_word' id='word_1_176' title='bbox 1384 1412 1484 1447; x_wconf 89' lang='lat' dir='ltr'>esse,</span> <span class='ocrx_word' id='word_1_177' title='bbox 1506 1411 1558 1436; x_wconf 89' lang='lat' dir='ltr'>ne</span> 
     </span>
     <span class='ocr_line' id='line_1_21' title="bbox 177 1466 1557 1552; baseline -0.026 -12"><span class='ocrx_word' id='word_1_178' title='bbox 177 1499 274 1552; x_wconf 91' lang='lat' dir='ltr'>quid</span> <span class='ocrx_word' id='word_1_179' title='bbox 294 1498 330 1537; x_wconf 91' lang='lat' dir='ltr'>ei</span> <span class='ocrx_word' id='word_1_180' title='bbox 349 1508 420 1548; x_wconf 91' lang='lat' dir='ltr'>per</span> <span class='ocrx_word' id='word_1_181' title='bbox 442 1493 566 1532; x_wconf 88' lang='lat' dir='ltr'>filium</span> <span class='ocrx_word' id='word_1_182' title='bbox 587 1499 705 1529; x_wconf 90' lang='lat' dir='ltr'>suum</span> <span class='ocrx_word' id='word_1_183' title='bbox 730 1488 944 1524; x_wconf 89' lang='lat' dir='ltr'>noceatur:</span> <span class='ocrx_word' id='word_1_184' title='bbox 976 1491 1018 1518; x_wconf 89' lang='lat' dir='ltr'>se</span> <span class='ocrx_word' id='word_1_185' title='bbox 1038 1475 1225 1516; x_wconf 87' lang='lat' dir='ltr'>homines</span> <span class='ocrx_word' id='word_1_186' title='bbox 1246 1477 1376 1511; x_wconf 89' lang='lat' dir='ltr'>certos</span> <span class='ocrx_word' id='word_1_187' title='bbox 1398 1469 1483 1507; x_wconf 90' lang='lat' dir='ltr'>eius</span> <span class='ocrx_word' id='word_1_188' title='bbox 1503 1466 1557 1505; x_wconf 92' lang='lat' dir='ltr'>rei</span> 
     </span>
     <span class='ocr_line' id='line_1_22' title="bbox 178 1537 1559 1609; baseline -0.027 0"><span class='ocrx_word' id='word_1_189' title='bbox 178 1581 300 1609; x_wconf 89' lang='lat' dir='ltr'>causa</span> <span class='ocrx_word' id='word_1_190' title='bbox 326 1566 368 1605; x_wconf 92' lang='lat' dir='ltr'>in</span> <span class='ocrx_word' id='word_1_191' title='bbox 394 1562 571 1603; x_wconf 88' lang='lat' dir='ltr'>Siciliam</span> <span class='ocrx_word' id='word_1_192' title='bbox 600 1564 640 1596; x_wconf 91' lang='lat' dir='ltr'>et</span> <span class='ocrx_word' id='word_1_193' title='bbox 668 1563 772 1595; x_wconf 89' lang='lat' dir='ltr'>terra</span> <span class='ocrx_word' id='word_1_194' title='bbox 802 1558 841 1591; x_wconf 88' lang='lat' dir='ltr'>et</span> <span class='ocrx_word' id='word_1_195' title='bbox 869 1547 968 1588; x_wconf 89' lang='lat' dir='ltr'>mari</span> <span class='ocrx_word' id='word_1_196' title='bbox 999 1556 1086 1586; x_wconf 85' lang='lat' dir='ltr'>esse</span> <span class='ocrx_word' id='word_1_197' title='bbox 1111 1543 1339 1582; x_wconf 86' lang='lat' dir='ltr'>missurum.</span> <span class='ocrx_word' id='word_1_198' title='bbox 1396 1537 1449 1576; x_wconf 77' lang='lat' dir='ltr'>Et</span> <span class='ocrx_word' id='word_1_199' title='bbox 1477 1541 1559 1575; x_wconf 89' lang='lat' dir='ltr'>erat</span> 
     </span>
     <span class='ocr_line' id='line_1_23' title="bbox 179 1607 1559 1689; baseline -0.027 -11"><span class='ocrx_word' id='word_1_200' title='bbox 179 1637 352 1689; x_wconf 89' lang='lat' dir='ltr'>spatium</span> <span class='ocrx_word' id='word_1_201' title='bbox 380 1633 534 1672; x_wconf 87' lang='lat' dir='ltr'>dierum</span> <span class='ocrx_word' id='word_1_202' title='bbox 564 1627 645 1666; x_wconf 88' lang='lat' dir='ltr'>fere</span> <span class='ocrx_word' id='word_1_203' title='bbox 671 1621 832 1673; x_wconf 84' lang='lat' dir='ltr'>triginta</span> <span class='ocrx_word' id='word_1_204' title='bbox 859 1625 949 1657; x_wconf 87' lang='lat' dir='ltr'>ante</span> <span class='ocrx_word' id='word_1_205' title='bbox 977 1611 1184 1654; x_wconf 85' lang='lat' dir='ltr'>Kalendas</span> <span class='ocrx_word' id='word_1_206' title='bbox 1205 1607 1447 1648; x_wconf 86' lang='lat' dir='ltr'>Decembr.:</span> <span class='ocrx_word' id='word_1_207' title='bbox 1478 1616 1559 1654; x_wconf 93' lang='lat' dir='ltr'>quo</span> 
     </span>
     <span class='ocr_line' id='line_1_24' title="bbox 180 1677 1562 1752; baseline -0.027 -5"><span class='ocrx_word' id='word_1_208' title='bbox 180 1707 244 1745; x_wconf 88' lang='lat' dir='ltr'>die</span> <span class='ocrx_word' id='word_1_209' title='bbox 264 1705 338 1745; x_wconf 87' lang='lat' dir='ltr'>iste</span> <span class='ocrx_word' id='word_1_210' title='bbox 358 1708 402 1741; x_wconf 91' lang='lat' dir='ltr'>ut</span> <span class='ocrx_word' id='word_1_211' title='bbox 423 1696 627 1752; x_wconf 86' lang='lat' dir='ltr'>Syracusis</span> <span class='ocrx_word' id='word_1_212' title='bbox 646 1691 833 1733; x_wconf 87' lang='lat' dir='ltr'>Sthenius</span> <span class='ocrx_word' id='word_1_213' title='bbox 855 1687 1012 1727; x_wconf 84' lang='lat' dir='ltr'>adesset</span> <span class='ocrx_word' id='word_1_214' title='bbox 1029 1683 1190 1723; x_wconf 85' lang='lat' dir='ltr'>dixerat.</span> <span class='ocrx_word' id='word_1_215' title='bbox 1244 1677 1562 1718; x_wconf 81' lang='lat' dir='ltr'>Commoventur</span> 
     </span>
     <span class='ocr_line' id='line_1_25' title="bbox 100 1741 1560 1820; baseline -0.026 -4"><span class='ocrx_word' id='word_1_216' title='bbox 100 1785 161 1820; x_wconf 85' lang='lat'>155</span> <span class='ocrx_word' id='word_1_217' title='bbox 181 1772 299 1813; x_wconf 90' lang='lat' dir='ltr'>amici</span> <span class='ocrx_word' id='word_1_218' title='bbox 321 1769 487 1816; x_wconf 91' lang='lat' dir='ltr'>Sthenii‚</span> <span class='ocrx_word' id='word_1_219' title='bbox 509 1769 670 1817; x_wconf 90' lang='lat' dir='ltr'>sperant</span> <span class='ocrx_word' id='word_1_220' title='bbox 691 1760 788 1807; x_wconf 86' lang='lat' dir='ltr'>fore,</span> <span class='ocrx_word' id='word_1_221' title='bbox 809 1763 853 1796; x_wconf 90' lang='lat' dir='ltr'>ut</span> <span class='ocrx_word' id='word_1_222' title='bbox 880 1754 1003 1807; x_wconf 87' lang='lat' dir='ltr'>patris</span> <span class='ocrx_word' id='word_1_223' title='bbox 1030 1750 1167 1790; x_wconf 91' lang='lat' dir='ltr'>litteris</span> <span class='ocrx_word' id='word_1_224' title='bbox 1197 1746 1429 1794; x_wconf 83' lang='lat' dir='ltr'>nuntiisque</span> <span class='ocrx_word' id='word_1_225' title='bbox 1461 1741 1560 1780; x_wconf 84' lang='lat' dir='ltr'>filius</span> 
     </span>
     <span class='ocr_line' id='line_1_26' title="bbox 181 1811 1559 1882; baseline -0.025 1"><span class='ocrx_word' id='word_1_226' title='bbox 181 1843 232 1882; x_wconf 92' lang='lat' dir='ltr'>ab</span> <span class='ocrx_word' id='word_1_227' title='bbox 252 1840 320 1880; x_wconf 90' lang='lat' dir='ltr'>illo</span> <span class='ocrx_word' id='word_1_228' title='bbox 342 1839 475 1878; x_wconf 88' lang='lat' dir='ltr'>furore</span> <span class='ocrx_word' id='word_1_229' title='bbox 495 1838 712 1874; x_wconf 89' lang='lat' dir='ltr'>revocetur.</span> <span class='ocrx_word' id='word_1_230' title='bbox 773 1826 822 1865; x_wconf 91' lang='lat' dir='ltr'>In</span> <span class='ocrx_word' id='word_1_231' title='bbox 843 1829 984 1864; x_wconf 88' lang='lat' dir='ltr'>senatu</span> <span class='ocrx_word' id='word_1_232' title='bbox 1005 1826 1147 1872; x_wconf 90' lang='lat' dir='ltr'>postea</span> <span class='ocrx_word' id='word_1_233' title='bbox 1168 1828 1289 1856; x_wconf 90' lang='lat' dir='ltr'>causa</span> <span class='ocrx_word' id='word_1_234' title='bbox 1309 1826 1393 1852; x_wconf 90' lang='lat' dir='ltr'>non</span> <span class='ocrx_word' id='word_1_235' title='bbox 1420 1811 1559 1862; x_wconf 84' lang='lat' dir='ltr'>agitur.</span> 
     </span>
     <span class='ocr_line' id='line_1_27' title="bbox 181 1880 1563 1950; baseline -0.025 1"><span class='ocrx_word' id='word_1_236' title='bbox 181 1909 362 1950; x_wconf 88' lang='lat' dir='ltr'>Veniunt</span> <span class='ocrx_word' id='word_1_237' title='bbox 381 1905 433 1945; x_wconf 89' lang='lat' dir='ltr'>ad</span> <span class='ocrx_word' id='word_1_238' title='bbox 453 1904 572 1943; x_wconf 88' lang='lat' dir='ltr'>istum</span> <span class='ocrx_word' id='word_1_239' title='bbox 589 1895 799 1939; x_wconf 85' lang='lat' dir='ltr'>domestici</span> <span class='ocrx_word' id='word_1_240' title='bbox 820 1891 948 1931; x_wconf 87' lang='lat' dir='ltr'>nuntii</span> <span class='ocrx_word' id='word_1_241' title='bbox 968 1890 1196 1938; x_wconf 87' lang='lat' dir='ltr'>litterasque</span> <span class='ocrx_word' id='word_1_242' title='bbox 1218 1897 1240 1922; x_wconf 90' lang='lat' dir='ltr'>a</span> <span class='ocrx_word' id='word_1_243' title='bbox 1261 1888 1371 1934; x_wconf 88' lang='lat' dir='ltr'>patre</span> <span class='ocrx_word' id='word_1_244' title='bbox 1394 1880 1563 1918; x_wconf 86' lang='lat' dir='ltr'>afferunt</span> 
     </span>
     <span class='ocr_line' id='line_1_28' title="bbox 185 1948 1562 2020; baseline -0.026 1"><span class='ocrx_word' id='word_1_245' title='bbox 185 1987 277 2020; x_wconf 89' lang='lat' dir='ltr'>ante</span> <span class='ocrx_word' id='word_1_246' title='bbox 297 1974 504 2016; x_wconf 88' lang='lat' dir='ltr'>Kalendas</span> <span class='ocrx_word' id='word_1_247' title='bbox 530 1968 758 2013; x_wconf 73' lang='lat' dir='ltr'>Decembr„</span> <span class='ocrx_word' id='word_1_248' title='bbox 781 1974 905 2014; x_wconf 90' lang='lat' dir='ltr'>quum</span> <span class='ocrx_word' id='word_1_249' title='bbox 926 1959 990 1998; x_wconf 88' lang='lat' dir='ltr'>isti</span> <span class='ocrx_word' id='word_1_250' title='bbox 1012 1958 1132 1996; x_wconf 89' lang='lat' dir='ltr'>etiam</span> <span class='ocrx_word' id='word_1_251' title='bbox 1153 1961 1238 1993; x_wconf 89' lang='lat' dir='ltr'>tum</span> <span class='ocrx_word' id='word_1_252' title='bbox 1264 1952 1312 1990; x_wconf 89' lang='lat' dir='ltr'>de</span> <span class='ocrx_word' id='word_1_253' title='bbox 1336 1950 1501 1990; x_wconf 89' lang='lat' dir='ltr'>Sthenio</span> <span class='ocrx_word' id='word_1_254' title='bbox 1523 1948 1562 1987; x_wconf 89' lang='lat' dir='ltr'>in</span> 
     </span>
     <span class='ocr_line' id='line_1_29' title="bbox 186 2018 1563 2098; baseline -0.026 -10"><span class='ocrx_word' id='word_1_255' title='bbox 186 2049 342 2098; x_wconf 84' lang='lat' dir='ltr'>integro</span> <span class='ocrx_word' id='word_1_256' title='bbox 373 2050 457 2083; x_wconf 90' lang='lat' dir='ltr'>tota</span> <span class='ocrx_word' id='word_1_257' title='bbox 485 2052 549 2079; x_wconf 91' lang='lat' dir='ltr'>res</span> <span class='ocrx_word' id='word_1_258' title='bbox 579 2041 709 2076; x_wconf 88' lang='lat' dir='ltr'>esset:</span> <span class='ocrx_word' id='word_1_259' title='bbox 740 2031 965 2079; x_wconf 89' lang='lat' dir='ltr'>eodemque</span> <span class='ocrx_word' id='word_1_260' title='bbox 993 2025 1029 2064; x_wconf 94' lang='lat' dir='ltr'>ei</span> <span class='ocrx_word' id='word_1_261' title='bbox 1059 2031 1238 2074; x_wconf 85' lang='lat' dir='ltr'>tempore</span> <span class='ocrx_word' id='word_1_262' title='bbox 1271 2019 1319 2058; x_wconf 88' lang='lat' dir='ltr'>de</span> <span class='ocrx_word' id='word_1_263' title='bbox 1351 2018 1492 2056; x_wconf 88' lang='lat' dir='ltr'>eadem</span> <span class='ocrx_word' id='word_1_264' title='bbox 1523 2029 1563 2054; x_wconf 88' lang='lat' dir='ltr'>re</span> 
     </span>
     <span class='ocr_line' id='line_1_30' title="bbox 106 2084 1563 2160; baseline -0.025 -3"><span class='ocrx_word' id='word_1_265' title='bbox 106 2121 167 2155; x_wconf 86' lang='lat'>160</span> <span class='ocrx_word' id='word_1_266' title='bbox 185 2116 335 2155; x_wconf 89' lang='lat' dir='ltr'>litterae</span> <span class='ocrx_word' id='word_1_267' title='bbox 366 2107 592 2160; x_wconf 88' lang='lat' dir='ltr'>complures</span> <span class='ocrx_word' id='word_1_268' title='bbox 621 2115 646 2142; x_wconf 92' lang='lat' dir='ltr'>a</span> <span class='ocrx_word' id='word_1_269' title='bbox 674 2099 808 2140; x_wconf 88' lang='lat' dir='ltr'>multis</span> <span class='ocrx_word' id='word_1_270' title='bbox 838 2097 922 2136; x_wconf 89' lang='lat' dir='ltr'>eius</span> <span class='ocrx_word' id='word_1_271' title='bbox 954 2092 1092 2133; x_wconf 89' lang='lat' dir='ltr'>amicis</span> <span class='ocrx_word' id='word_1_272' title='bbox 1123 2102 1170 2129; x_wconf 88' lang='lat' dir='ltr'>ac</span> <span class='ocrx_word' id='word_1_273' title='bbox 1199 2086 1433 2127; x_wconf 89' lang='lat' dir='ltr'>necessariis</span> <span class='ocrx_word' id='word_1_274' title='bbox 1469 2084 1563 2124; x_wconf 84' lang='lat' dir='ltr'>affe-</span> 
     </span>
     <span class='ocr_line' id='line_1_31' title="bbox 183 2189 332 2223; baseline -0.027 0"><span class='ocrx_word' id='word_1_275' title='bbox 183 2189 332 2223; x_wconf 87' lang='lat' dir='ltr'>runtur.</span> 
     </span>
    </p>

    <p class='ocr_par' dir='ltr' id='par_1_3' title="bbox 187 2221 1566 2438">
     <span class='ocr_line' id='line_1_32' title="bbox 244 2221 1564 2301; baseline -0.025 -11"><span class='ocrx_word' id='word_1_276' title='bbox 244 2259 279 2301; x_wconf 84' lang='lat'>7.</span> <span class='ocrx_word' id='word_1_277' title='bbox 311 2247 395 2287; x_wconf 91' lang='lat' dir='ltr'>Hic</span> <span class='ocrx_word' id='word_1_278' title='bbox 426 2246 512 2291; x_wconf 89' lang='lat' dir='ltr'>iste,</span> <span class='ocrx_word' id='word_1_279' title='bbox 543 2240 611 2294; x_wconf 93' lang='lat' dir='ltr'>qui</span> <span class='ocrx_word' id='word_1_280' title='bbox 641 2249 736 2291; x_wconf 90' lang='lat' dir='ltr'>prae</span> <span class='ocrx_word' id='word_1_281' title='bbox 768 2232 984 2285; x_wconf 89' lang='lat' dir='ltr'>cupiditate</span> <span class='ocrx_word' id='word_1_282' title='bbox 1020 2240 1152 2279; x_wconf 89' lang='lat' dir='ltr'>neque</span> <span class='ocrx_word' id='word_1_283' title='bbox 1183 2224 1303 2265; x_wconf 88' lang='lat' dir='ltr'>officii</span> <span class='ocrx_word' id='word_1_284' title='bbox 1343 2221 1404 2262; x_wconf 91' lang='lat' dir='ltr'>sui</span> <span class='ocrx_word' id='word_1_285' title='bbox 1434 2232 1564 2270; x_wconf 86' lang='lat' dir='ltr'>neque</span> 
     </span>
     <span class='ocr_line' id='line_1_33' title="bbox 187 2289 1566 2372; baseline -0.025 -13"><span class='ocrx_word' id='word_1_286' title='bbox 187 2317 349 2372; x_wconf 87' lang='lat' dir='ltr'>periculi</span> <span class='ocrx_word' id='word_1_287' title='bbox 370 2325 503 2365; x_wconf 90' lang='lat' dir='ltr'>neque</span> <span class='ocrx_word' id='word_1_288' title='bbox 531 2307 688 2362; x_wconf 89' lang='lat' dir='ltr'>pietatis</span> <span class='ocrx_word' id='word_1_289' title='bbox 715 2315 846 2354; x_wconf 90' lang='lat' dir='ltr'>neque</span> <span class='ocrx_word' id='word_1_290' title='bbox 867 2296 1124 2339; x_wconf 87' lang='lat' dir='ltr'>humanitatis</span> <span class='ocrx_word' id='word_1_291' title='bbox 1145 2294 1341 2333; x_wconf 87' lang='lat' dir='ltr'>rationem</span> <span class='ocrx_word' id='word_1_292' title='bbox 1361 2289 1566 2328; x_wconf 87' lang='lat' dir='ltr'>habuisset</span> 
     </span>
     <span class='ocr_line' id='line_1_34' title="bbox 187 2357 1564 2438; baseline -0.025 -11"><span class='ocrx_word' id='word_1_293' title='bbox 187 2397 391 2438; x_wconf 86' lang='lat' dir='ltr'>umquam,</span> <span class='ocrx_word' id='word_1_294' title='bbox 412 2392 542 2432; x_wconf 88' lang='lat' dir='ltr'>neque</span> <span class='ocrx_word' id='word_1_295' title='bbox 573 2378 614 2416; x_wconf 91' lang='lat' dir='ltr'>in</span> <span class='ocrx_word' id='word_1_296' title='bbox 643 2387 691 2414; x_wconf 93' lang='lat' dir='ltr'>eo</span> <span class='ocrx_word' id='word_1_297' title='bbox 722 2370 831 2424; x_wconf 92' lang='lat' dir='ltr'>quod</span> <span class='ocrx_word' id='word_1_298' title='bbox 860 2368 1099 2407; x_wconf 88' lang='lat' dir='ltr'>monebatur</span> <span class='ocrx_word' id='word_1_299' title='bbox 1129 2361 1404 2401; x_wconf 85' lang='lat' dir='ltr'>auctoritatem</span> <span class='ocrx_word' id='word_1_300' title='bbox 1432 2357 1564 2408; x_wconf 79' lang='lat' dir='ltr'>patris,</span> 
     </span>
    </p>

    <p class='ocr_par' dir='ltr' id='par_1_4' title="bbox 110 2424 1566 2504">
     <span class='ocr_line' id='line_1_35' title="bbox 110 2424 1566 2504; baseline -0.025 -6"><span class='ocrx_word' id='word_1_301' title='bbox 110 2463 166 2504; x_wconf 76' lang='lat'>¹65</span> <span class='ocrx_word' id='word_1_302' title='bbox 188 2469 262 2495; x_wconf 87' lang='lat' dir='ltr'>nce</span> <span class='ocrx_word' id='word_1_303' title='bbox 284 2455 325 2493; x_wconf 88' lang='lat' dir='ltr'>in</span> <span class='ocrx_word' id='word_1_304' title='bbox 346 2448 527 2502; x_wconf 86' lang='lat' dir='ltr'>eoquod</span> <span class='ocrx_word' id='word_1_305' title='bbox 549 2444 763 2496; x_wconf 83' lang='lat' dir='ltr'>rogabatur</span> <span class='ocrx_word' id='word_1_306' title='bbox 785 2435 1028 2477; x_wconf 71' lang='lat' dir='ltr'>voluntatem</span> <span class='ocrx_word' id='word_1_307' title='bbox 1058 2428 1385 2482; x_wconf 83' lang='lat' dir='ltr'>anteponendam</span> <span class='ocrx_word' id='word_1_308' title='bbox 1417 2424 1566 2476; x_wconf 65' lang='lat' dir='ltr'>putavit</span> 
     </span>
    </p>
   </div>
  </div>
 </body>
</html>
