1731 2620
165 94 246 139 230
522 90 774 123 ExrRAch
803 91 943 124 FROM
972 94 1158 128 CICERO.
1375 97 1456 131 δια.
1477 97 1517 131 V.

161 194 395 245 aequitatem
425 195 686 243 cognoscatis.
708 194 898 246 oppidum
932 195 1137 236 Himeram
1168 197 1518 251 Karthaginienses
1537 213 1578 247 30

161 260 362 311 quondam
384 268 581 311 ceperant.
602 261 710 312 quod
736 261 860 300 suerat
888 262 925 300 in
956 264 1091 313 primis
1120 264 1274 305 Siciliae
1300 266 1449 306 clarum
1479 272 1518 305 et

160 335 352 365 ornatum.
404 327 548 378 Scipio,
566 329 631 379 qui
649 327 723 366 hoc
742 327 904 376 dignum
927 318 1077 380 populo
1101 330 1287 371 Romano
1307 332 1518 372 arbitraba·

163 398 233 436 tur,
256 390 359 429 bello
379 391 562 430 confecto
585 393 714 429 socios
737 404 806 429 sua
828 404 896 442 per
924 402 1098 432 nostram
1127 395 1330 435 victoriam
1356 407 1519 448 recupe-

162 470 256 502 rare,
273 458 410 496 Siculis
424 459 620 500 omnihus,
633 458 876 508 Karthagine
891 468 1127 512 capta,quae
1142 462 1268 513 potuit
1282 462 1520 502 restituenda

160 525 319 562 curavit.
381 524 543 563 Himera
575 526 714 571 ‹leh-ta,
736 538 836 576 quos
868 528 971 565 cives
1001 527 1090 567 belli
1119 529 1320 569 calamitas
1349 530 1520 581 reliquos
1538 546 1577 579 35

161 590 314 633 fecerat.
341 591 364 629 ii
392 604 478 630 sese
504 592 688 632 'l'licrrnis
715 595 955 634 collocaram
983 596 1021 634 in
1048 596 1225 635 eiusdem
1253 596 1337 648 agri
1363 596 1519 644 finibus,

162 670 289 708 neque
320 658 438 707 longe
469 659 519 697 ab
548 660 699 710 oppido
730 663 904 713 antiquo.
966 662 1020 701 Hi
1055 675 1097 702 se
1133 670 1286 714 patrum
1322 662 1519 702 fortunam

159 736 205 763 ac
237 724 465 774 dignitatem
497 738 726 777 recuperare
757 730 1054 775 arbitrabantur,
1076 742 1199 781 quum
1230 730 1294 769 illa
1322 731 1519 770 maiorum

160 801 391 830 ornamenta
421 793 459 830 in
484 805 621 832 eorum
643 796 791 845 oppido
811 796 1119 835 collocabantur.
1177 795 1300 836 Erant
1327 797 1442 848 signa
1469 809 1519 837 ex

160 869 249 896 aere
278 859 506 909 complura:
549 862 587 899 in
619 861 676 900 his
708 864 805 901 mira
836 863 1124 915 pulchritudine
1155 864 1240 915 ipsa
1271 863 1448 911 Himera,
1478 864 1519 903 in
1537 878 1580 911 4ο

160 924 389 963 muliebrem
419 926 582 975 figuram
614 928 870 981 habitumque
900 930 1080 978 formata,
1106 942 1156 969 ex
1185 930 1323 982 oppidi
1357 931 1520 970 nomine

160 998 196 1029 et
219 991 398 1031 fluminis.
459 993 550 1032 Erat
580 996 696 1033 etiam
729 995 941 1036 Stesichori
972 1004 1113 1048 poetae
1143 1004 1270 1036 statua
1298 998 1432 1037 senilis
1461 997 1519 1037 in-

160 1069 287 1104 curva,
308 1071 399 1098 curn
427 1060 538 1107 libro,
559 1073 730 1108 summo,
753 1071 794 1101 ut
821 1072 970 1114 putant,
999 1063 1162 1103 artificio
1190 1063 1316 1113 saeta;
1351 1065 1419 1116 qui
1450 1063 1522 1105 suit

162 1123 359 1171 Himerae,
392 1126 460 1165 scd
495 1136 532 1165 et
567 1137 625 1166 est
659 1138 697 1167 et
733 1129 802 1168 suit
838 1138 918 1168 tota
953 1129 1131 1177 Graecia,
1167 1142 1326 1171 summo
1359 1138 1522 1183 propter

162 1191 363 1241 ingenium
395 1192 544 1232 honore
575 1202 612 1233 et
643 1197 815 1235 nomine.
877 1196 991 1236 Haec
1022 1198 1093 1236 iste
1123 1197 1173 1236 ad
1204 1197 1398 1237 insaniam
1424 1209 1520 1238 cort-
1536 1211 1579 1246 45

160 1258 368 1308 cupiverat.
426 1259 566 1305 Etiam.
603 1263 711 1312 quod
747 1275 873 1313 paene
907 1264 1098 1314 praeterii,
1134 1264 1285 1315 capella
1323 1264 1520 1317 quaedam

160 1333 230 1370 est,
252 1336 299 1363 ea
329 1326 489 1377 quidem
520 1329 628 1374 mire,
651 1338 691 1367 ut
722 1331 838 1368 etiam
870 1342 956 1377 nos,
978 1331 1044 1382 qui
1075 1331 1191 1371 rudes
1221 1331 1359 1371 harum
1389 1343 1519 1372 rerum

160 1403 309 1438 sumus,
331 1393 543 1443 intelligere
573 1397 784 1445 possimus,
806 1398 901 1436 scite
924 1397 1025 1437 sacta
1051 1405 1090 1437 et
1114 1407 1288 1440 venuste.
1346 1398 1462 1439 Haec
1481 1406 1521 1440 et

161 1458 234 1497 alia
264 1458 398 1510 Scipio
430 1473 509 1499 non
546 1461 790 1512 negligenter
824 1465 1029 1511 abiecerat,
1065 1473 1107 1504 ut
1141 1466 1266 1506 homo
1299 1467 1520 1519 intelligens

162 1525 305 1566 Verres
326 1526 476 1566 auferre
498 1539 633 1580 posset
646 1544 655 1577 ;
687 1531 759 1570 sed
781 1531 1048 1573 Thermitanis
1065 1534 1305 1574 restituerat:
1336 1547 1420 1575 non
1438 1547 1520 1588 quo
1539 1549 1582 1584 50

161 1593 246 1644 ipse
284 1593 419 1633 hortos
456 1604 522 1634 aut
561 1597 830 1636 suburbanum
871 1608 936 1638 aut
979 1600 1111 1640 locum
1151 1601 1328 1649 omnino,
1367 1602 1435 1642 ubi
1472 1615 1522 1643 ea

161 1666 337 1709 poneret,
359 1659 508 1697 nullum
537 1660 718 1709 haberet;
751 1663 821 1702 sed
842 1664 873 1702 si
895 1663 1059 1703 domum
1086 1665 1321 1713 abstulisset,
1343 1678 1427 1706 non
1453 1666 1521 1707 diu

163 1724 359 1776 Scipionis
392 1726 692 1777 appellarentur,
728 1730 797 1768 sed
833 1742 983 1778 eorum,
1018 1731 1069 1770 ad
1107 1743 1382 1784 quoscumque
1419 1734 1521 1775 illius

161 1799 286 1830 morte
307 1779 529 1832 venissent:
562 1807 667 1834 nunc
694 1795 754 1834 his
775 1795 872 1835 locis
899 1798 1030 1848 posita
1049 1807 1151 1845 sunt,
1172 1806 1215 1837 ut
1239 1798 1336 1838 mihi
1361 1812 1521 1853 semper

163 1856 358 1910 Scipionis
379 1859 462 1899 sore
483 1861 686 1900 videantur
705 1862 835 1914 itaque
856 1863 1046 1904 dicantur.
1537 1887 1580 1921 55

218 1937 254 1974 3.
285 1925 400 1965 Haec
421 1939 543 1979 quum
565 1929 635 1967 iste
658 1939 849 1980 posceret,
870 1940 1129 1984 agereturque
1149 1945 1196 1972 ea
1222 1945 1284 1973 res
1310 1933 1350 1973 in
1370 1941 1520 1985 senatu,

162 1990 346 2030 Sthenius
361 1993 702 2035 vehementissime
719 1998 877 2045 restitit;
907 1998 1118 2050 multaque,
1135 2008 1178 2039 ut
1194 2001 1234 2040 in
1250 2001 1387 2052 primis
1408 2001 1520 2042 Sicu-

161 2059 287 2098 lorum
307 2060 347 2098 in
369 2061 537 2100 dicendo
559 2064 747 2114 copiosus
774 2073 845 2112 est,
866 2068 1217 2108 commemoravit:
1246 2069 1386 2109 urbem
1405 2071 1520 2111 relin-

160 2137 279 2177 quere
307 2125 588 2168 Thermitanos
615 2143 702 2170 esse
730 2131 947 2180 honestius,
969 2146 1088 2185 quam
1119 2135 1213 2186 pati,
1233 2135 1316 2176 tolli
1345 2148 1395 2176 ex
1423 2138 1520 2179 urbe

160 2200 419 2232 monumenta
438 2196 644 2240 maiorum,
658 2198 785 2249 spolia
800 2199 985 2244 hostium,
1002 2201 1194 2242 beneficia
1213 2202 1418 2243 clarissimi
1437 2205 1518 2254 viri,
1535 2214 1580 2248 6ο

160 2258 305 2297 indicia
330 2260 527 2300 societatis
547 2263 685 2314 populi
714 2264 886 2304 Romani
905 2274 1025 2318 atque
1051 2268 1256 2308 amicitiae.
1314 2267 1519 2312 Commoti

160 2325 281 2364 animi
311 2332 402 2365 sunt
431 2328 635 2368 omniurn:
670 2339 846 2381 repertus
876 2340 934 2371 est
963 2346 1095 2382 nemo,
1116 2335 1213 2386 quin
1241 2335 1343 2375 mori
1371 2336 1519 2379 diceret

160 2391 282 2430 satius
301 2404 402 2433 esse.
449 2393 589 2446 Itaque
608 2395 686 2437 hoc
705 2397 834 2437 adhuc
853 2399 1047 2451 oppidum
1062 2400 1207 2442 Verres
1225 2401 1375 2443 invenit
1391 2416 1518 2458 prope
