1731 2620
229 106 308 158 238
583 106 834 141 EXTRACTS
863 110 1000 141 FROM
1031 110 1214 142 CICERO.
1432 113 1511 145 sect.
1529 111 1570 146 v.

227 213 347 252 modo
367 212 406 250 in
428 224 515 250 aere
537 212 663 250 alieno
686 210 803 257 nullo,
825 211 893 249 sed
915 211 952 248 in
979 212 1057 250 suis
1078 211 1249 250 nummis
1269 211 1399 250 multis
1420 224 1505 251 esse
1526 225 1571 251 ac

227 291 378 328 semper
407 278 544 323 fuisse;
575 278 605 315 si
636 277 731 315 haec
763 285 897 315 contra
926 290 970 315 ae
1002 277 1090 316 dico
1119 284 1249 316 essent
1274 279 1419 324 omnia,
1441 285 1572 317 tamen

227 345 331 383 illum
359 345 466 389 haec,
495 356 593 394 quae
623 351 679 381 tot
709 356 834 382 annos
864 345 903 381 in
935 344 1076 382 familia
1105 344 1351 394 sacrarioque
1381 345 1572 383 maiorum

227 411 398 457 fuissent,
419 410 664 448 venditurum
685 422 766 448 non
789 410 916 448 fuisse.
975 409 1096 456 Quid,
1114 410 1144 448 si
1165 410 1434 460 magnitudine
1454 422 1572 460 pecu-

226 478 313 515 niae
341 489 569 527 persuasum
598 484 655 515 est
682 477 743 514 ei?
776 477 979 515 verisimile
1007 489 1089 514 non
1117 483 1186 523 est,
1208 483 1250 514 ut
1269 477 1331 515 ille
1351 476 1473 515 homo
1493 483 1573 515 tam

226 542 411 593 locuples,
433 550 511 580 tam
536 542 737 588 honestus,
759 542 936 592 religioni
965 555 1058 580 suae
1086 543 1431 593 monumentisque
1451 543 1574 581 maio-

227 622 310 647 rum
340 609 547 659 pecuniam
575 615 840 657 anteponeret.
901 607 997 646 Sunt
1026 609 1118 647 ista:
1152 616 1421 647 verumtamen
1451 608 1572 646 abdu-

227 683 364 713 cuntur
385 674 564 712 homines
585 686 883 724 nonnumquam
905 675 1021 712 etiam
1043 675 1092 712 ab
1121 674 1302 713 institutis
1323 675 1402 713 suis
1422 674 1573 725 magni-

228 742 357 779 tudine
381 741 580 791 pecuniae.
640 740 866 785 Videamus,
884 747 1029 789 quanta
1050 741 1122 778 ista
1142 741 1308 790 pecunia
1328 740 1452 787 suerit,
1473 751 1573 790 quae

229 807 395 857 potuerit
423 806 582 852 Heium,
603 806 804 844 hominem
832 807 1000 844 maxime
1030 806 1275 857 locupletem,
1298 807 1456 844 minime
1486 819 1575 845 ava-

228 886 323 920 rum,
358 874 407 910 ab
442 873 690 918 humanitate,
726 885 747 909 a
783 872 935 921 pietate,
971 885 993 910 a
1028 873 1212 922 religione
1253 873 1457 911 deducere.
1514 873 1575 910 Ita

230 940 380 985 iussisti,
402 941 552 988 opinor,
575 939 702 988 ipsum
735 939 772 976 in
805 938 954 976 tabulas
983 938 1144 976 referre:
1177 951 1279 978 HAEC
1309 951 1434 978 οΜΝιΑ
1461 951 1573 978 ειοΝΑ

231 1018 453 1051 PRAxiTELr,
497 1017 676 1050 mmoms,
715 1017 941 1050 rometam,
978 1017 1024 1043 us
1059 1016 1107 1042 vr.
1152 1016 1262 1044 MILL.
1298 1017 1347 1043 ET
1381 1015 1418 1043 ιε)
1457 1018 1574 1043 VERRI

229 1085 397 1110 VENDITA
427 1084 536 1110 sum.
596 1071 733 1109 Recita
761 1083 808 1108 ex
837 1070 985 1108 tabulis.
1045 1070 1156 1108 Iuvat
1177 1083 1239 1109 me
1260 1071 1357 1109 haec
1378 1071 1576 1121 praeclara

229 1140 389 1176 nomina
409 1138 609 1183 artificum,
632 1150 731 1188 quae
754 1137 813 1175 isti
834 1137 883 1175 ad
905 1136 1054 1174 caelum
1076 1136 1214 1184 ferunt,
1234 1137 1368 1176 Verris
1395 1138 1574 1176 aestima-

228 1206 331 1243 tione
361 1205 415 1243 sic
445 1204 676 1242 concidisse.
735 1202 970 1252 Cupidinem
993 1202 1193 1242 Praxitelis
1214 1215 1261 1242 Hs
1281 1205 1423 1243 emme!
1481 1203 1574 1242 Pro-

230 1271 330 1309 fecto
351 1271 440 1308 hinc
463 1278 597 1307 natum
620 1276 698 1307 est:
730 1268 862 1306 ‘Malo
886 1281 1025 1314 emere,
1048 1281 1166 1319 quam
1192 1269 1354 1319 rogare!

285 1338 321 1374 6.
351 1336 465 1374 Dicet
505 1335 664 1385 aliquis:
706 1333 862 1381 ‘Quid?
907 1341 947 1372 tu
982 1335 1053 1373 ista
1092 1347 1309 1385 permagno
1350 1334 1574 1375 aestimas?'

227 1403 315 1452 Ego
335 1414 427 1440 vero
455 1402 504 1439 ad
531 1413 660 1439 meam
688 1401 878 1439 rationem
906 1413 1098 1451 usumque
1125 1413 1258 1439 meum
1285 1413 1368 1440 non
1389 1402 1575 1441 aestimo:

229 1476 493 1507 verumtamen
529 1481 552 1506 a
585 1468 695 1506 vobis
730 1468 782 1505 ita
816 1467 977 1505 arbitror
1016 1467 1180 1517 spectari
1214 1475 1406 1518 oportere,
1441 1468 1576 1519 quanti

229 1535 323 1573 haec
358 1546 493 1572 eorum
527 1534 682 1580 iudicio,
713 1534 779 1582 qui
810 1533 972 1571 studiosi
1003 1540 1093 1571 sunt
1123 1533 1260 1571 harum
1290 1547 1431 1580 rerum,
1462 1535 1574 1573 aesti-

230 1609 403 1648 mentur;
441 1601 574 1650 quanti
604 1600 734 1638 venire
765 1599 937 1645 soleant,
975 1600 1108 1649 quanti
1139 1599 1236 1638 haec
1266 1600 1361 1650 ipsa,
1384 1601 1416 1639 si
1445 1601 1575 1650 palam

229 1668 424 1716 libereque
462 1666 648 1711 venirent,
689 1666 816 1702 venire
857 1672 1018 1714 possent
1031 1677 1041 1711 ς
1092 1665 1260 1716 denique
1304 1667 1388 1716 ipse
1431 1665 1574 1706 Verres

229 1733 363 1784 quanti
384 1733 572 1770 aestimet.
631 1730 858 1781 Numquam
887 1731 1003 1777 enim,
1024 1731 1056 1769 si
1084 1732 1251 1771 denariis
1280 1732 1576 1783 quadringentis

230 1799 465 1849 Cupidinem
500 1797 605 1835 illurn
641 1803 824 1847 putasset,
857 1797 1128 1844 commisisset,
1158 1804 1200 1836 ut
1229 1805 1388 1849 propter
1416 1811 1507 1837 eum
1535 1799 1576 1836 in

230 1877 454 1904 sermonem
475 1864 679 1901 hominum
700 1871 815 1913 atque
843 1864 881 1900 in
902 1871 1049 1901 tantam
1073 1864 1398 1914 vituperationem
1417 1865 1574 1904 veniret.

232 1931 332 1978 Quis
367 1938 535 1968 vestrum
570 1930 684 1979 igitur
718 1929 852 1975 nescit,
888 1930 1022 1979 quanti
1056 1929 1153 1968 haec
1192 1931 1470 1970 aestimentur?
1527 1931 1576 1969 In

233 1997 412 2034 auctione
434 1996 590 2046 signum
610 2007 777 2033 aeneum
797 2007 879 2044 non
906 2007 1095 2045 magnum
1117 2008 1164 2034 Hs
1187 2009 1238 2034 xr.
1257 1996 1426 2035 millibus
1446 1997 1576 2036 venire

231 2075 312 2100 non
332 2062 521 2099 vidimus?
573 2060 690 2108 Quid,
714 2062 745 2099 si
764 2060 878 2098 velim
899 2061 1102 2098 nominare
1122 2061 1313 2108 homines,
1327 2062 1395 2112 qui
1409 2069 1474 2100 aut
1493 2074 1575 2100 non

232 2129 393 2166 minoris
420 2127 620 2165 autetiam
646 2127 765 2177 pluris
793 2127 982 2164 emerint?
1013 2139 1145 2165 nonne
1172 2128 1362 2177 possum?
1417 2127 1575 2166 Etenim

232 2195 296 2245 qui
317 2194 458 2231 modus
479 2200 536 2230 est
557 2193 597 2230 in
617 2193 676 2231 his
697 2193 812 2231 rebus
834 2192 1065 2242 cupiditatis,
1083 2193 1188 2235 idem
1208 2200 1267 2232 est
1283 2194 1573 2232 aestimationis.

232 2260 396 2299 Difficile
424 2266 482 2297 est
507 2260 612 2296 enim
633 2259 751 2297 finem
773 2258 898 2296 facere
927 2259 1063 2308 pretio,
1085 2259 1117 2297 si
1145 2271 1226 2297 non
1252 2260 1400 2298 libidini
1424 2259 1572 2298 feceris.

235 2327 363 2364 Video
384 2326 498 2375 igitur
519 2324 665 2362 Heium
686 2337 813 2375 neque
835 2324 1029 2362 voluntate
1050 2337 1177 2375 neque
1205 2325 1426 2364 difficultate
1446 2325 1575 2376 aliqua

232 2392 419 2442 temporis
458 2403 585 2441 neque
624 2390 892 2440 magnitudine
927 2391 1116 2440 pecuniae
1151 2391 1366 2429 adductum
1405 2403 1503 2439 esse,
1533 2397 1575 2430 ut

1594 293 1655 315 110

1595 622 1655 656 115

1595 952 1657 976 120

1596 1282 1656 1315 125

1598 1617 1658 1648 ¹30

1598 1949 1657 1982 ¹35

1596 2279 1658 2310 140
