1747 2620
196 91 292 128 11.3.
437 80 619 121 ROME'S
651 90 780 122 RULE
817 90 876 121 OF
907 91 1005 121 IIER
1040 89 1332 121 PROVINCES.
1491 92 1572 133 229

113 200 170 233 105
193 193 371 233 exsiluit:
413 193 618 233 hominem
649 195 918 241 innocentem,
950 206 974 232 a
1005 193 1050 232 C.
1084 193 1300 232 Sacerdote
1332 192 1571 238 absolutum,

192 262 341 300 indicta
362 274 494 309 causa,
517 262 566 301 de
588 262 782 301 sententia
803 262 956 301 scribae
979 261 1123 300 medici
1151 260 1451 312 haruspicisque
1473 272 1569 299 con-

192 328 365 368 demnat.

602 442 641 479 3.
695 437 774 477 lee
797 437 894 478 Case
913 438 964 490 qf
973 436 1164 477 Sthenium

253 540 283 567 1.
320 527 508 568 Sthenius
535 535 607 577 est,
635 529 669 568 is
699 529 766 580 qui
797 529 915 567 nobis
943 529 1102 576 assidet,
1132 528 1431 575 Thermitanus,
1455 533 1572 566 antea

191 595 324 635 multis
353 603 518 648 propter
552 609 752 635 summam
786 597 969 635 virtutem
1001 609 1280 647 summamque
1312 596 1570 641 nobilitatem,

191 677 299 704 nune
319 671 480 716 propter
496 677 609 704 suam
624 665 888 704 calamitatem
904 671 1024 715 atque
1040 664 1151 703 istius
1169 664 1367 715 insignem
1388 663 1571 702 iniuriam

190 732 378 772 omnibus
405 738 535 772 notus.
598 731 731 771 Huius
759 732 931 784 hospitio
959 731 1106 771 Verres
1134 744 1259 783 quum
1280 738 1384 771 esset
1404 744 1511 778 usus,
1535 739 1572 770 et

153 811 170 842 5
192 813 317 853 quum
347 801 455 852 apud
485 814 578 840 eum
610 813 693 840 non
723 801 847 840 modo
878 800 1067 840 Thermis
1099 813 1389 852 saepenumero
1421 800 1569 847 suisset,

191 869 262 909 sed
282 869 401 908 etiam
421 869 658 917 habitasset;
691 868 814 907 domo
838 869 926 907 eius
948 870 1083 907 omnia
1111 869 1279 916 abstulit,
1303 881 1406 920 quae
1435 868 1568 919 paullo

190 938 320 988 magis
354 938 533 976 animum
569 938 791 988 cuiuspiam
826 945 894 976 aut
929 937 1067 976 oculos
1104 944 1270 988 possent
1305 949 1570 976 commovere.

190 1004 352 1044 Etenim
374 1005 562 1044 Sthenius
583 1005 633 1044 ab
655 1005 923 1044 adolescentia
944 1006 1078 1056 paullo
1101 1006 1317 1044 studiosius
1339 1005 1437 1043 haec
1459 1017 1569 1044 com-

190 1079 358 1125 pararat,
380 1073 665 1125 supellectilem
697 1086 745 1112 ex
777 1086 866 1112 aere
897 1073 1196 1124 elegantiorem,
1225 1080 1264 1112 et
1293 1072 1502 1112 Deliacam
1534 1080 1571 1111 et

132 1154 171 1176 ιο
191 1141 453 1189 Corinthiam,
482 1140 636 1180 tabulas
672 1142 811 1192 pictas,
844 1141 962 1179 etiam
998 1141 1151 1192 argenti
1181 1141 1285 1179 bene
1317 1140 1421 1188 facti,
1453 1147 1570 1191 prout

190 1208 439 1249 Thermitani
469 1209 645 1248 hominis
675 1208 880 1248 facultates
910 1208 1100 1254 ferebant,
1134 1208 1248 1247 satis:
1295 1221 1408 1260 quae,
1446 1220 1569 1260 quum

189 1284 294 1318 esset
322 1278 364 1317 in
390 1277 489 1316 Asia
519 1277 764 1323 adolescens,
788 1276 976 1324 studiose,
1006 1283 1049 1315 ut
1080 1276 1172 1323 dixi,
1195 1277 1465 1328 comparabat,
1488 1289 1569 1314 non

189 1351 270 1385 tam
293 1358 388 1385 suae
413 1345 687 1385 delectationis
708 1357 840 1391 causa,
864 1357 985 1396 quarn
1007 1344 1058 1383 ad
1085 1344 1337 1383 invitationes
1359 1345 1568 1383 adventus-

189 1426 268 1465 que
289 1420 519 1453 nostrorum
539 1413 762 1460 hominum,
785 1413 1005 1451 amicorum
1027 1424 1191 1451 suorum
1213 1419 1331 1463 atque
1353 1412 1567 1465 hospitum.

130 1496 168 1529 15
190 1481 308 1530 Quae
328 1489 593 1533 posteaquam
617 1481 690 1520 iste
711 1481 848 1520 omnia
869 1480 1038 1527 abstulit,
1061 1480 1136 1518 alia
1162 1480 1356 1531 rogando,
1379 1481 1455 1519 alia
1474 1492 1568 1532 pos-

190 1549 333 1597 cendo,
364 1549 440 1588 alia
470 1549 691 1588 sumendo:
727 1547 877 1587 ferebat
909 1547 1107 1596 Sthenius,
1137 1555 1180 1586 ut
1211 1554 1390 1599 poterat:
1426 1555 1566 1598 tange-

188 1618 304 1656 batur
342 1624 477 1656 tamen
517 1616 638 1655 animi
678 1616 816 1655 dolore
857 1616 1095 1663 necessario,
1128 1616 1238 1666 quod
1279 1616 1446 1655 domum
1485 1618 1568 1656 eius

189 1692 424 1724 exornatam
453 1692 571 1736 atque
598 1684 830 1722 instructam
850 1683 932 1722 fere
960 1684 1039 1722 iam
1067 1684 1139 1722 iste
1167 1683 1392 1723 reddiderat
1417 1685 1566 1724 nudam

188 1761 305 1806 atque
327 1753 510 1792 inanem:
541 1759 814 1791 verumtamen
835 1752 1016 1791 dolorem
1045 1764 1159 1790 suum
1189 1752 1339 1790 nemini
1368 1753 1567 1804 impertie-

129 1837 169 1859 20
188 1822 278 1861 bat:
310 1821 502 1873 praetoris
530 1821 690 1860 iniurias
718 1821 846 1866 tacite,
867 1820 1036 1871 hospitis
1064 1820 1219 1871 placide
1248 1820 1432 1861 ferendas
1465 1823 1565 1861 arbi-

187 1890 373 1929 trabatur.
433 1889 591 1928 Interea
625 1889 697 1927 iste
729 1889 942 1939 cupiditate
977 1888 1041 1927 illa
1075 1901 1147 1927 sua
1177 1895 1273 1927 nota
1308 1896 1427 1940 atque
1458 1891 1565 1940 apud

187 1970 330 1997 omnes
359 1964 584 2008 pervagata,
615 1969 740 2008 quum
772 1957 887 2006 signa
918 1956 1116 2007 quaedam
1152 1956 1416 2007 pulcherrima
1447 1964 1565 2008 atque

188 2025 464 2077 antiquissima
484 2025 672 2064 Thermis
692 2025 734 2062 in
753 2024 914 2074 publico
942 2024 1072 2075 posita
1096 2024 1267 2072 vidisset,
1291 2025 1511 2064 adamavit:
1544 2039 1565 2064 a

189 2093 354 2133 Sthenio
383 2100 518 2144 petere
539 2093 683 2143 coepit,
704 2098 747 2131 ut
775 2091 827 2131 ad
855 2104 902 2131 ea
932 2091 1107 2131 tollenda
1134 2105 1300 2145 operam
1331 2105 1445 2131 suam
1473 2105 1564 2144 pro-

127 2172 166 2207 25
188 2161 360 2200 fiteretur
381 2173 502 2213 seque
524 2160 734 2199 adiuvaret.
795 2159 981 2199 Sthenius
1004 2173 1094 2200 vero
1121 2172 1204 2201 non
1233 2161 1362 2200 solum
1393 2163 1562 2213 negavit,

189 2229 259 2269 sed
285 2229 406 2269 etiam
434 2229 619 2276 ostendit,
641 2229 682 2267 id
703 2228 785 2267 fieri
812 2228 921 2267 nullo
949 2229 1073 2267 modo
1101 2241 1236 2280 posse,
1258 2236 1300 2267 ut
1328 2230 1443 2280 signa
1465 2231 1561 2268 anti-

188 2297 390 2349 quissima,
406 2303 669 2336 monumenta
691 2296 732 2334 P.
750 2296 935 2343 Africani,
959 2309 1006 2335 ex
1024 2297 1176 2348 oppido
1198 2296 1561 2345 Thermitanorum,

187 2364 377 2405 incolumi
397 2364 461 2402 illa
482 2364 634 2403 civitate
655 2365 900 2415 imperioque
921 2364 1059 2415 populi
1082 2364 1269 2411 Romani,
1292 2363 1531 2403 tollerentur.

247 2445 283 2472 2.
314 2432 474 2472 Etenim
504 2439 546 2472 ut
582 2433 698 2472 simul
729 2433 770 2472 P.
804 2432 980 2471 Africani
1012 2445 1173 2485 quoquc
1205 2433 1492 2471 humanitatem
1523 2440 1560 2472 et
