1747 2620
174 129 221 161 11.
245 137 278 162 ῐ.
418 117 601 160 ROME'S
631 128 757 161 RULE
792 128 851 159 OF
881 127 980 158 HER
1013 125 1298 158 PROVINCES.
1462 125 1545 169 223

172 231 493 282 diligentissimus
521 231 585 278 sis,
606 238 650 270 ut
676 230 740 270 hic
768 230 903 269 tertius
930 241 1059 268 annus
1083 229 1237 279 imperii
1257 227 1312 266 tui
1337 233 1541 277 tamquam

171 299 306 338 tertius
327 305 438 338 actus
459 299 768 351 perfectissimus
790 306 907 350 atque
924 296 1196 335 ornatissimus
1218 295 1337 333 fuisse
1353 293 1539 332 videatur.

169 365 218 405 Id
244 366 428 405 facillime
450 366 581 413 facies,
605 366 637 405 si
666 378 743 413 me,
766 365 830 404 cui
860 377 1018 415 semper
1047 364 1116 402 uni
1145 363 1273 413 magis
1305 375 1425 413 quam
1452 360 1538 399 uni-

83 441 149 477 530
167 434 287 473 versis
307 434 463 486 placere
483 434 649 481 voluisti,
672 440 804 473 tecum
825 445 982 484 semper
1003 444 1090 471 esse
1115 431 1272 482 putabis
1293 437 1331 469 et
1351 429 1540 468 omnibus

165 501 212 541 iis
241 501 372 549 rebus,
403 514 502 554 quas
533 502 640 540 dices
672 508 710 540 et
739 501 870 548 facies,
903 501 1104 539 interesse.
1165 499 1380 549 Reliquum
1410 503 1467 534 est
1497 502 1538 534 ut

164 575 203 608 te
227 580 339 608 orem
367 576 411 608 ut
440 569 652 608 valetudini
677 575 779 615 tuae,
804 569 835 607 si
865 581 929 607 me
961 575 1000 608 et
1022 574 1112 607 tuos
1138 578 1279 606 omnes
1309 564 1436 604 valere
1468 564 1535 611 vis,

164 636 462 688 diligentissime
483 637 641 676 servias.
699 635 810 675 Vale.

382 949 435 984 11.
468 949 603 982 SOME
636 946 918 981 SPECIMENS
951 946 1015 980 OF
1047 945 1307 980 PRACTICE.

303 1072 336 1108 1.
371 1067 413 1106 T
405 1069 450 1107 he
473 1067 621 1107 Claz'ms
641 1067 690 1118 os
700 1067 759 1106 the
778 1066 968 1105 Province
988 1065 1036 1117 qf
1047 1064 1169 1114 Sz'cz‘gy
1189 1077 1234 1102 on
1254 1063 1384 1102 Rome.

211 1174 443 1227 Antequam
482 1175 532 1215 de
571 1174 839 1214 incommodis
881 1172 1033 1212 Siciliae
1079 1172 1220 1219 dicam,
1260 1184 1388 1222 pauca
1432 1171 1527 1208 mihi

155 1243 335 1283 videntur
365 1257 452 1283 esse
482 1244 531 1283 de
561 1243 787 1295 provinciae
819 1242 1019 1294 dignitate,
1049 1247 1252 1287 vetustate,
1274 1239 1436 1278 utilitate
1469 1239 1526 1277 di-

154 1311 292 1350 cenda.
364 1311 472 1350 Nam
511 1323 634 1363 quum
680 1311 860 1350 omnium
907 1310 1108 1349 sociorum
1153 1308 1525 1359 provinciarumque

152 1379 348 1418 rationem
383 1379 590 1430 diligenter
624 1378 771 1418 habere
802 1379 964 1425 debetis,
996 1384 1081 1416 tum
1111 1376 1321 1427 praecipue
1358 1374 1522 1423 Siciliae,

80 1458 131 1491 -5
151 1446 310 1494 iudices,
347 1446 524 1497 plurimis
563 1446 865 1499 iustissimisque
905 1446 954 1484 de
996 1445 1146 1484 causis:
1191 1444 1375 1494 primum,
1413 1444 1523 1494 quod

151 1513 330 1553 omnium
366 1514 574 1553 nationum
609 1520 829 1552 exterarum
866 1514 1052 1564 princeps
1090 1512 1223 1550 Sicilia
1258 1524 1300 1550 se
1335 1510 1385 1550 ad
1426 1512 1521 1550 ami-

150 1581 282 1620 citiam
311 1581 512 1633 fidemque
542 1581 680 1633 populi
711 1580 887 1620 Romani
918 1581 1128 1631 applicuit:
1170 1580 1296 1630 prima
1326 1580 1520 1628 omnium,

149 1649 190 1688 id
224 1649 334 1701 quod
363 1656 643 1688 ornamentum
679 1649 834 1700 imperii
868 1655 937 1695 est,
969 1648 1171 1699 provincia
1206 1654 1263 1686 est
1299 1648 1518 1698 appellata:

148 1715 277 1767 prima
303 1715 438 1756 docuit
464 1717 634 1756 maiores
662 1723 833 1763 nostros,
856 1728 976 1767 quam
1003 1715 1248 1766 praeclarum
1277 1722 1390 1762 esset,
1413 1723 1516 1754 exte-

86 1799 129 1825 ιο
146 1783 198 1823 ris
218 1784 404 1835 gentibus
426 1784 643 1835 imperare:
675 1784 760 1823 sola
781 1783 852 1823 fuit
875 1796 921 1822 ea
942 1783 1019 1822 fide
1048 1783 1402 1834 benevolentiaque
1424 1796 1518 1834 erga

145 1851 340 1903 populum
368 1851 611 1895 Romanum,
632 1858 675 1890 ut
703 1852 878 1891 civitates
906 1851 990 1889 eius
1018 1850 1178 1896 insulae,
1203 1863 1304 1901 quae
1326 1851 1446 1889 semel
1475 1852 1515 1890 in

145 1919 359 1958 amicitiam
392 1927 572 1958 nostram
606 1919 817 1965 venissent,
851 1931 1072 1969 numquam
1107 1926 1249 1968 postea
1289 1918 1513 1967 deficerent,

142 1986 353 2039 pleraeque
388 1993 520 2026 autem
555 1993 593 2025 et
626 1987 799 2025 maxime
835 1986 1000 2025 illustres
1036 1986 1076 2024 in
1112 1985 1283 2024 amicitia
1321 1994 1514 2037 perpetuo

141 2060 359 2093 manerent.
436 2053 575 2104 Itaque
615 2054 830 2092 maioribus
871 2053 1014 2092 nostris
1053 2053 1094 2091 in
1133 2053 1310 2091 Africam
1349 2066 1398 2092 ex
1438 2054 1513 2093 hac

81 2140 95 2166 ι
102 2143 120 2176 5
140 2121 346 2172 provincia
372 2121 520 2172 gradus
548 2121 700 2171 imperii
724 2119 849 2159 factus
875 2128 944 2159 est.
1006 2119 1148 2172 Neque
1171 2121 1277 2159 enim
1298 2128 1378 2159 tam
1399 2121 1512 2160 facile

139 2200 238 2240 opes
269 2187 530 2239 Karthaginis
561 2195 692 2227 tantae
724 2187 1001 2235 concidissent,
1034 2188 1109 2226 nisi
1144 2188 1238 2227 illud
1274 2195 1312 2227 et
1345 2189 1400 2228 rei
1432 2189 1510 2228 sru-

141 2258 356 2297 mentariae
386 2257 605 2296 subsidium
636 2264 674 2296 et
704 2257 997 2308 receptaculum
1028 2257 1218 2297 classibus
1254 2260 1398 2299 nostris
1428 2271 1512 2310 pat-

141 2331 233 2364 eret.
266 2324 401 2373 Quare
421 2323 464 2364 P.
482 2324 702 2372 Africanus,
723 2325 967 2376 Karthagine
990 2325 1128 2373 deleta,
1151 2326 1373 2367 Siculorum
1395 2334 1511 2372 urbes

141 2392 265 2443 signis
292 2393 640 2444 monumentisque
668 2393 939 2444 pulcherrimis
967 2395 1189 2434 exornavit:
1222 2405 1273 2444 ut,
1300 2411 1401 2449 quos
1433 2405 1509 2443 vic-

81 2473 122 2499 ιο
141 2460 240 2500 toria
266 2461 403 2513 populi
433 2462 619 2502 Romani<
638 2465 808 2503 maxime
841 2464 972 2503 laetari
1003 2467 1272 2515 arbitrabatur,
1303 2473 1408 2521 apud
1440 2488 1509 2515 cos

787 2546 810 2572 1<
836 2546 854 2571 2
