1731 2620
198 90 276 142 236
547 95 801 127 EXTRACTS
830 95 970 127 FROM
997 94 1182 127 CICERO.
1399 95 1479 127 Sect.
1500 94 1540 127 V.
1583 142 1595 157 ἱ

193 199 280 238 dico
302 200 450 250 nuper?
482 199 601 236 immo
623 211 713 237 vero
734 199 856 237 modo
884 210 929 236 ac
957 198 1073 248 plane
1100 197 1232 248 paullo
1253 202 1342 235 ante
1363 196 1539 242 vidimus,

193 266 258 316 qui
289 266 414 304 sorum
445 278 490 304 ac
520 266 696 303 basilicas
726 277 806 303 non
837 264 968 314 spoliis
999 264 1296 314 provinciarum,
1326 262 1397 302 sed
1425 275 1540 302 orna-

196 333 336 370 mentis
366 333 603 378 ainicoru1n;
645 331 865 370 commodis
896 331 1107 381 hospitum,
1139 342 1221 369 non
1250 329 1358 368 surtis
1392 341 1539 368 nocen-

193 400 299 444 tium,
322 407 526 437 ornarent:
558 399 623 448 qui
645 406 775 436 tamen
797 398 910 448 signa
930 404 1045 448 atque
1063 403 1296 435 ornamenta
1315 408 1385 435 sua
1399 396 1539 447 cuique

193 466 419 511 reddebant,
441 477 520 503 non
549 465 677 503 ablata
703 477 749 502 ex
779 465 937 502 urbibus
965 464 1174 510 sociorum,
1195 462 1389 514 quatridui
1409 475 1538 508 causa,
1559 473 1599 507 45

192 544 260 582 per
290 531 577 570 simulationem
609 531 822 576 aedilitatis,
854 531 1016 569 domum
1053 529 1195 568 deinde
1224 536 1341 580 atque
1371 529 1422 568 ad
1451 540 1542 568 suas

192 599 298 637 villas
328 599 566 637 auferebant.
627 598 738 636 Haec
767 598 902 636 omnia
928 609 1028 648 quae
1057 597 1136 635 dixi
1163 597 1287 647 signa,
1310 597 1470 644 iudices,
1490 596 1540 634 ab

194 667 298 705 Heio
331 667 378 705 de
410 667 574 704 sacrario
604 665 747 704 Verres
777 665 958 703 abstulit:
1001 664 1161 710 nullum,
1192 664 1364 714 inquam,
1399 663 1540 703 horum

193 734 355 784 reliquit,
387 746 514 784 neque
549 732 653 770 aliud
687 731 808 769 ullum
844 739 986 776 tamen,
1018 737 1170 781 praeter
1204 743 1326 769 unum
1360 737 1540 782 pervetus

192 802 375 850 ligneum,
407 799 559 837 Bonam
599 799 826 845 Fortunam,
857 807 897 837 ut
936 799 1087 848 opinor.
1147 797 1247 836 Eam
1285 798 1356 837 iste
1396 797 1540 838 habere
1559 809 1602 844 50

192 868 300 906 domi
321 880 414 905 suae
436 867 569 904 noluit.

231 947 283 984 .3.
315 934 390 972 Pro
412 934 529 971 deum
556 933 840 984 hominumque
862 931 1001 971 fideml
1032 932 1127 983 quid
1150 931 1227 971 hoc
1247 933 1332 972 est?
1361 945 1462 984 quae
1482 940 1542 972 est

193 1002 288 1039 haec
315 1001 459 1038 causa?
495 1012 595 1050 quae
626 998 722 1037 haec
753 999 995 1050 impudentia
1021 1000 1105 1038 est?
1164 998 1278 1046 Quae
1300 1000 1389 1038 dico
1416 1000 1539 1051 signa,

193 1076 404 1118 antequam
427 1067 496 1104 abs
517 1074 552 1103 te
574 1066 724 1103 sublata
745 1071 846 1112 sunt,
868 1064 1096 1103 Messanam
1117 1077 1207 1104 cum
1234 1066 1400 1116 imperio
1421 1079 1541 1106 nemo

192 1134 306 1180 venit,
328 1134 421 1184 quin
443 1133 587 1171 viderit.
637 1132 717 1170 Tot
738 1139 946 1182 praetores,
964 1138 1019 1169 tot
1035 1131 1218 1170 consules
1239 1132 1279 1169 in
1301 1131 1441 1180 Sicilia,
1459 1139 1540 1172 tum
1560 1146 1601 1180 55

193 1201 231 1238 in
261 1208 475 1251 pace,tu1n
505 1200 623 1237 etiam
653 1198 692 1236 in
723 1199 825 1236 bello
851 1197 1026 1245 suerunt;
1056 1204 1113 1236 tot
1142 1197 1324 1237 homines
1353 1199 1541 1251 cuiusque

192 1267 322 1315 modi5
358 1279 440 1305 non
469 1266 609 1317 loquor
640 1265 688 1303 de
719 1265 892 1315 integris,
923 1264 1210 1310 innocentibus,
1241 1264 1454 1316 religiosis:
1485 1274 1543 1307 tot

193 1334 337 1383 cupidi,
373 1340 429 1372 tot
463 1333 645 1383 improbi,
682 1339 739 1370 tot
773 1331 965 1370 audaces:
1005 1343 1174 1382 quorum
1208 1343 1328 1370 nemo
1361 1333 1434 1372 sibi
1463 1340 1543 1373 tam

194 1400 416 1445 vehemens,
447 1407 525 1437 tarn
566 1406 720 1449 potens,
751 1405 830 1436 tam
870 1397 1012 1436 nobilis
1051 1398 1155 1436 visus
1194 1404 1264 1445 est,
1294 1398 1361 1450 qui
1395 1411 1445 1440 ex
1479 1400 1545 1440 illo

195 1467 361 1506 sacrario
384 1467 599 1517 quidquam
620 1477 784 1516 poscere
811 1471 877 1503 aut
899 1465 1033 1503 tollere
1062 1471 1128 1502 aut
1155 1465 1345 1516 attingere
1371 1466 1543 1507 auderet.
1561 1471 1605 1506 60

194 1533 347 1580 Verres,
364 1533 472 1584 quod
494 1533 636 1582 ubique
657 1532 728 1570 erit
748 1530 1063 1582 pulcherrimum,
1086 1530 1259 1570 auferet?
1288 1532 1382 1572 nihil
1401 1532 1545 1574 habere

195 1607 393 1651 praeterea
414 1601 598 1650 cuiquam
619 1599 774 1637 licebit?
806 1606 863 1636 tot
883 1597 1024 1636 domus
1045 1598 1376 1648 locupletissimas
1403 1600 1546 1642 domus

196 1668 303 1706 istius
333 1680 412 1706 una
441 1667 594 1717 capiet?
634 1666 780 1704 ideirco
815 1677 932 1704 nemo
963 1665 1208 1715 superiorum
1237 1666 1374 1716 attigit,
1404 1674 1447 1706 ut
1475 1668 1546 1708 iste

195 1735 369 1773 tolleret?
399 1733 488 1773 ideo
505 1732 550 1773 C.
568 1732 755 1772 Claudius
778 1732 942 1770 Pulcher
963 1732 1101 1777 retulit,
1117 1737 1159 1769 ut
1179 1729 1224 1770 C.
1246 1731 1391 1772 Verres
1410 1742 1548 1784 posset

195 1801 370 1840 auferre?
1563 1805 1606 1849 65

253 1884 287 1915 4·
320 1867 398 1906 Sed
437 1866 530 1918 quid
569 1877 645 1917 ego
673 1872 754 1904 tam
788 1864 1038 1903 vehementer
1076 1864 1264 1904 invehor?
1307 1866 1427 1905 verbo
1464 1879 1546 1907 uno

197 1935 370 1985 repellar.
431 1932 566 1979 ‘Emi‚'
614 1933 751 1984 inquit.
809 1930 847 1971 O
898 1931 950 1970 dii
997 1931 1257 1970 immortales!
1307 1933 1546 1983 praeclaram

199 2001 490 2040 defensionem!
550 1999 814 2038 Mercatorem
852 2010 943 2036 cum
982 1997 1148 2048 imperio
1183 2010 1229 2037 ac
1268 2000 1471 2040 securibus
1507 2000 1548 2040 in

198 2068 438 2120 provinciam
466 2068 656 2114 misimus,
678 2066 811 2105 omnia
840 2065 906 2115 qui
936 2065 1060 2115 signa,
1086 2064 1236 2104 tabulas
1266 2066 1403 2116 pictas,
1430 2079 1550 2106 omne

199 2139 415 2183 argentum,
451 2143 599 2178 aurum,
630 2131 737 2177 ebur,
776 2140 955 2180 gemmas
995 2133 1202 2174 coemeret,
1237 2129 1332 2167 nihil
1365 2130 1550 2182 cuiquam
1568 2135 1611 2170 70

199 2199 456 2250 relinqueretl
527 2197 640 2235 Haec
671 2198 775 2235 enim
805 2195 899 2234 mihi
929 2195 980 2234 ad
1008 2194 1142 2232 omnia
1172 2194 1349 2235 defensio
1377 2198 1551 2247 patefieri

200 2267 360 2313 videtur,
381 2265 533 2305 emisse.
593 2263 778 2309 Primum,
801 2263 833 2302 si
859 2264 899 2302 id
925 2262 1034 2314 quod
1059 2262 1116 2301 vis
1135 2261 1203 2300 tibi
1223 2275 1300 2313 ego
1320 2265 1550 2313 concedam,

202 2342 243 2374 ut
272 2333 423 2379 emeris,
445 2332 630 2383 quoniam
660 2331 699 2369 in
726 2337 808 2369 toto
839 2331 914 2370 hoc
943 2343 1087 2382 genere
1115 2330 1190 2368 hac
1216 2342 1295 2368 una
1322 2330 1551 2372 defensione

203 2414 342 2440 usurus
363 2412 427 2438 es:
457 2411 616 2450 quaero,
638 2398 857 2437 cuiusmodi
885 2404 927 2436 tu
947 2397 1088 2437 iudicia
1108 2395 1262 2435 Romae
1283 2398 1433 2448 putaris
1452 2411 1552 2446 esse,
