1747 2620
187 104 213 136 1.
436 91 612 133 ROME'S
642 100 770 132 RULE
805 100 864 132 OF
894 97 992 131 ΗΕΒ
1026 100 1313 132 PROVJNCES.
1469 103 1514 131 21
1526 102 1552 145 5

105 220 163 253 255
187 205 306 245 coluit
327 204 401 252 ille,
424 204 492 255 qui
513 203 684 256 privatus
707 203 857 242 futurus
883 216 1102 254 numquam
1124 203 1204 250 fuit,
1228 215 1403 254 quonam
1429 202 1551 240 modo

184 272 392 312 retinenda
419 278 510 311 sunt
537 272 595 319 iis,
617 272 759 322 quibus
781 271 991 322 imperium
1019 272 1071 310 ita
1092 271 1227 309 datum
1255 277 1325 315 est,
1348 277 1390 308 ut
1415 270 1552 308 redde-

184 347 282 388 rent,
307 345 346 379 et
376 340 426 378 ab
456 339 501 378 iis
530 339 683 389 legibus
715 339 850 377 datum
872 346 942 385 est,
965 339 1015 377 ad
1037 351 1134 390 quas
1162 338 1437 377 revertendum
1467 337 1552 375 est?

184 407 246 446 Ac
274 406 369 444 mihi
401 405 561 457 quidem
591 405 770 443 videntur
800 404 877 443 huc
902 405 1038 443 omnia
1066 417 1152 443 esse
1180 404 1388 443 referenda
1413 403 1458 441 iis
1487 404 1552 454 qui

185 479 371 525 praesunt
401 473 497 520 aliis,
527 480 570 511 ut
600 473 625 510 ii
656 473 722 523 qui
753 479 866 511 erunt
891 473 930 510 in
959 485 1098 511 eorum
1127 472 1293 523 imperio
1326 472 1399 510 sint
1432 484 1551 521 quam

103 544 166 578 260
185 540 422 580 beatissimi:
472 540 580 591 quod
619 540 688 578 tibi
728 546 766 578 et
805 552 892 578 esse
933 540 1250 591 antiquissimum
1290 546 1328 578 et
1361 540 1410 577 ab
1441 539 1552 577 initio

184 608 316 656 fuisse,
338 615 380 647 ut
407 608 578 659 primum
606 607 745 646 Asiam
773 608 943 657 attigisti,
967 615 1173 646 constante
1200 607 1306 645 fama
1327 614 1445 657 atque
1467 619 1552 645 om-

184 676 294 714 nium
325 688 508 714 sermone
539 675 780 714 celebratum
811 682 880 714 est.
940 675 1011 714 Est
1037 682 1168 714 autem
1200 687 1283 713 non
1313 674 1437 713 modo
1469 675 1553 714 eius

183 744 250 794 qui
281 743 399 782 sociis
435 749 472 780 et
503 741 664 789 civibus,
696 741 767 780 sed
797 742 916 780 etiam
946 742 1041 790 eius,
1074 743 1141 792 qui
1173 743 1304 789 servis,
1337 742 1404 793 qui
1436 743 1554 780 mutis

182 810 403 861 pecudibus
443 809 600 861 praesit,
642 821 780 848 eorum
821 810 963 861 quibus
1004 810 1150 861 praesit
1187 810 1412 848 commodis
1451 810 1552 848 utili-

101 881 163 923 265
183 878 331 929 tatique
353 877 508 916 servire.
570 876 692 915 Cuius
721 877 882 928 quidem
905 878 1062 928 generis
1084 884 1266 916 constare
1289 878 1388 916 inter
1411 890 1553 917 omnes

182 945 297 984 video
340 946 410 984 abs
450 951 488 983 te
530 957 728 983 summam
769 945 947 984 adhiberi
983 945 1253 995 diligentiam:
1300 945 1451 984 nullum
1487 959 1554 985 aes

183 1013 357 1052 alienum
396 1024 546 1051 novum
579 1012 756 1051 contrahi
791 1013 1022 1060 civitatibus,
1061 1020 1189 1052 vetere
1231 1020 1362 1052 autem
1403 1026 1552 1064 magno

182 1087 221 1121 et
249 1080 359 1132 gravi
388 1080 532 1120 multas
564 1081 635 1118 abs
664 1087 701 1119 te
729 1092 815 1119 esse
842 1081 1052 1119 liberatas:
1093 1080 1211 1119 urbes
1243 1081 1468 1132 complures
1494 1082 1549 1120 di-

183 1156 288 1188 rutas
310 1161 356 1187 ac
373 1161 502 1199 paene
525 1148 711 1196 desertas,
735 1148 774 1185 in
790 1148 932 1200 quibus
952 1161 1075 1187 unam
1092 1148 1228 1187 Ioniae
1251 1149 1552 1196 nobilissimam,

101 1227 163 1260 ²70
182 1217 345 1255 alteram
379 1215 531 1263 Cariae,
569 1215 733 1254 Samum
765 1222 803 1254 et
835 1215 1176 1262 Halicarnassum,
1208 1228 1279 1267 per
1309 1223 1346 1255 te
1376 1229 1462 1256 esse
1493 1230 1552 1255 re-

183 1290 356 1324 creatas:
388 1283 515 1322 nullas
537 1295 624 1322 esse
653 1283 692 1321 in
715 1283 875 1334 oppidis
905 1283 1131 1330 seditiones,
1154 1283 1280 1322 nullas
1308 1283 1551 1323 discordias:

179 1350 376 1402 provideri
406 1351 476 1390 abs
507 1357 557 1398 te,
588 1357 630 1388 ut
665 1351 840 1389 civitates
871 1351 1122 1402 optimatium
1155 1351 1329 1390 consiliis
1364 1352 1552 1390 adminis-

181 1425 351 1458 trentur:
392 1418 544 1457 sublata
574 1417 728 1469 Mysiae
759 1418 990 1457 latrocinia:
1023 1419 1165 1458 caedes
1200 1419 1331 1457 multis
1363 1419 1459 1458 locis
1489 1432 1549 1457 re-

180 1498 361 1537 pressas:
400 1498 544 1538 pacem
580 1492 663 1524 tota
699 1486 903 1536 provincia
934 1487 1214 1525 constitutam:
1257 1499 1386 1537 neque
1420 1486 1549 1525 solum

99 1562 160 1596 275
181 1553 245 1592 illa
265 1553 449 1591 itinerum
470 1560 588 1603 atque
610 1565 809 1603 agrorum,
832 1553 903 1591 sed
923 1554 1046 1591 multo
1069 1555 1187 1593 etiam
1210 1554 1322 1605 plura
1343 1561 1382 1593 et
1399 1554 1552 1593 maiora

181 1621 423 1672 oppidorum
463 1628 501 1660 et
541 1621 724 1660 fanorum
765 1621 866 1660 furta
905 1628 944 1660 et
983 1622 1187 1662 latrocinia
1227 1635 1314 1662 esse
1362 1622 1550 1673 depulsa:

180 1697 376 1729 remotam
404 1702 428 1728 a
447 1689 552 1729 fama
583 1697 620 1729 et
649 1703 673 1729 a
702 1690 869 1729 fortunis
898 1697 936 1729 et
965 1692 1016 1729 ab
1042 1692 1124 1730 otio
1155 1691 1412 1742 locupletium
1446 1692 1550 1730 illam

181 1757 477 1797 acerbissimam
517 1757 737 1796 ministram
778 1765 1005 1808 praetorum
1047 1759 1241 1806 avaritiae,
1284 1759 1548 1798 calumniam:

182 1832 364 1876 sumptus
399 1831 438 1864 et
472 1825 615 1864 tributa
649 1825 848 1864 civitatum
884 1826 933 1863 ab
965 1827 1162 1874 omnibus,
1194 1827 1262 1877 qui
1292 1839 1427 1865 earum
1461 1827 1550 1864 civi-

97 1895 162 1928 280
182 1899 306 1931 tatum
336 1892 434 1932 fines
466 1892 653 1940 incolant,
691 1892 845 1932 tolerari
877 1894 1159 1944 aequabiliter:
1212 1894 1423 1933 facillimos
1465 1907 1551 1933 esse

181 1960 309 1999 aditus
339 1960 390 1998 ad
418 1966 485 1999 te:
527 1967 661 2011 patere
693 1973 807 1999 aures
839 1967 925 1999 tuas
958 1961 1127 2011 querelis
1158 1962 1366 2000 omnium:
1409 1961 1551 2001 nullius

181 2027 358 2077 inopiam
385 2039 431 2066 ac
463 2027 716 2066 solitudinem
746 2040 828 2066 non
854 2027 977 2066 modo
1006 2028 1073 2066 illo
1103 2029 1285 2080 populari
1309 2041 1473 2068 accessu
1506 2043 1551 2068 ac

181 2094 376 2141 tribunali,
407 2094 477 2133 sed
507 2107 557 2133 ne
588 2094 712 2134 domo
744 2095 905 2145 quidem
937 2102 975 2133 et
1005 2096 1188 2135 cubiculo
1224 2109 1311 2135 esse
1348 2097 1550 2135 exclusam

182 2168 277 2200 tuo:
308 2168 392 2201 toto
424 2162 594 2213 denique
620 2163 660 2200 in
686 2163 852 2213 imperio
883 2162 978 2200 nihil
1009 2164 1196 2201 acerbum
1225 2175 1323 2206 esse,
1347 2164 1441 2202 nihil
1464 2178 1550 2202 cru-

100 2234 162 2276 285
182 2228 280 2277 dele,
312 2236 429 2280 atque
458 2230 594 2268 omnia
624 2230 742 2280 plena
773 2230 1017 2277 clementiae,
1049 2231 1375 2278 mansuetudinis,
1411 2231 1549 2270 huma-

183 2297 325 2335 nitatis.

242 2378 277 2414 9.
309 2363 515 2412 Quantum
537 2377 628 2403 vero
655 2365 746 2403 illud
777 2372 835 2404 cst
862 2365 1100 2404 beneficium
1131 2372 1253 2413 tuum,
1276 2365 1383 2416 quod
1412 2367 1548 2417 iniquo

184 2438 223 2471 et
251 2432 361 2482 gravi
390 2432 569 2482 vectigali
598 2433 777 2472 aedilicio
806 2445 897 2471 cum
923 2434 1079 2484 magnis
1111 2434 1256 2472 nostris
1287 2433 1548 2473 simultatibus
