1731 2620
254 125 273 153 2
280 123 333 166 52
605 119 857 152 EXTRACTS
888 118 1023 151 FRoM
1056 119 1237 152 emmo.
1457 122 1536 155 sm.
1559 123 1599 156 v.

252 221 499 266 Mercurium,
532 222 596 271 qui
638 222 756 259 sacris
796 221 1066 260 anniversariis
1107 221 1213 271 apud
1252 233 1322 260 eos
1362 233 1408 260 ac
1447 234 1599 262 summa

251 288 438 337 religione
481 287 681 333 coleretur,
722 299 837 337 quem
883 287 924 324 P.
959 287 1165 326 Africanus
1202 286 1443 338 Karthagine
1483 297 1597 340 capta

249 353 526 403 Tyndaritanis
559 366 638 391 non
671 353 797 391 solum
840 365 931 391 suae
963 354 1158 399 victoriae,
1192 354 1261 392 sed
1300 355 1416 393 etiam
1445 355 1595 394 illorum

250 420 336 457 fidei
377 420 649 470 societatisque
690 426 992 457 monumentum
1033 427 1149 470 atque
1188 419 1375 459 indicium
1414 421 1594 470 dedisset,
1619 442 1656 464 10

250 486 362 523 liuius
391 486 425 522 vi
459 485 602 523 scelere
630 486 871 535 imperioque
899 498 984 524 esse
1013 487 1204 524 sublatum
1227 500 1235 524 :
1267 487 1345 537 qui,
1365 493 1406 525 ut
1426 488 1594 538 primum

248 552 286 589 in
307 551 400 589 illud
428 551 618 601 oppidum
640 552 755 597 venit,
781 552 922 598 statim,
945 559 1144 603 tamquam
1172 553 1223 590 ita
1250 552 1330 591 fieri
1358 565 1439 592 non
1466 555 1592 594 solum

249 625 457 668 oporteret,
491 618 559 655 sed
600 618 716 655 etiam
757 630 918 656 necesse
949 626 1061 664 esset,
1092 626 1292 669 tamquam
1330 619 1406 659 hoe
1435 628 1592 660 senatus

248 684 484 729 mandasset,
505 685 754 734 populusque
786 684 992 723 Romanus
1019 685 1204 731 iussisset,
1225 685 1276 723 ita
1296 686 1495 733 continuo,
1517 687 1592 737 sig-

248 763 342 788 num
374 758 413 788 ut
445 750 723 788 demolirentur
753 758 789 788 et
831 749 1059 788 Messanam
1090 751 1350 801 deportarent,
1382 753 1592 803 imperavit.
1618 769 1656 802 15

247 817 365 863 Quod
408 830 528 866 quum
571 817 641 855 illis
686 818 751 867 qui
796 818 967 864 aderant,
1007 817 1224 867 indignum,
1264 819 1330 868 qui
1372 819 1590 867 audiebant,

246 883 467 921 incredibile
499 883 699 930 videretur,
731 895 811 922 non
852 891 910 921 est
951 885 1001 922 ab
1040 884 1126 930 isto,
1158 884 1283 934 primo
1313 884 1378 923 illo
1412 885 1592 934 adventu,

246 958 544 1001 perseveratum.
603 949 822 988 Discedens
853 950 1015 988 mandat
1046 963 1242 1000 proagoro
1278 950 1458 1003 Sopatro,
1483 952 1592 991 cuius

248 1018 363 1055 verba
389 1017 561 1063 audistis,
583 1024 624 1055 ut
651 1016 893 1055 demoliatur.
954 1015 1089 1063 Quum
1115 1024 1322 1064 recusaret,
1343 1017 1594 1057 vehementer

249 1084 426 1121 minatur.
484 1083 534 1121 Et
561 1083 688 1121 statim
710 1095 756 1121 ex
787 1083 851 1121 illo
871 1083 1021 1133 oppido
1043 1083 1310 1133 proficiscitur.
1370 1083 1591 1135 Proagorus
1617 1101 1658 1124 20

247 1149 360 1188 refert
381 1162 462 1187 rem
481 1149 530 1187 ad
552 1157 754 1187 senatum:
777 1149 1025 1187 vehementer
1046 1149 1217 1199 undique
1237 1150 1479 1190 reclamatur.
1529 1151 1592 1190 Ne

248 1216 388 1253 multa:
416 1216 552 1254 iterum
573 1216 644 1254 iste
666 1216 864 1266 aliquanto
886 1223 976 1266 post
996 1216 1046 1254 ad
1067 1215 1152 1254 illos
1173 1216 1276 1254 venit
1289 1229 1299 1264 ;
1328 1218 1478 1267 quaerit
1498 1229 1592 1256 con-

247 1283 356 1320 tinuo
386 1282 434 1321 de
464 1283 589 1332 signo.
650 1282 927 1332 Respondetur
956 1283 992 1321 ei
1023 1290 1199 1322 senatum
1230 1295 1312 1321 non
1342 1284 1590 1334 permittere:

246 1361 414 1399 poenam
455 1349 590 1398 capitis
630 1349 893 1395 constitutam,
929 1349 960 1387 si
999 1349 1147 1388 iniussu
1187 1356 1344 1388 senatus
1383 1351 1590 1401 quisquam

245 1415 455 1464 attigisset:
487 1415 599 1452 simul
620 1415 754 1464 religio
775 1422 1114 1453 commemoratur.
1173 1415 1280 1453 Tum
1308 1416 1404 1455 iste:
1434 1416 1588 1464 ‘Quam
1614 1432 1655 1465 ²5

246 1481 340 1519 mihi
372 1481 599 1531 religionem
632 1482 790 1520 narras?
829 1493 947 1531 quam
987 1482 1186 1532 poenam?
1225 1494 1345 1532 quem
1385 1486 1589 1524 senatum?

244 1548 371 1585 vivum
393 1554 429 1584 te
451 1559 530 1585 non
552 1547 789 1598 relinquam:
813 1548 980 1586 moriere
996 1549 1122 1598 virgis,
1140 1548 1213 1586 nisi
1231 1549 1386 1599 signum
1406 1549 1589 1589 traditur!

247 1613 410 1663 Sopater
440 1614 577 1651 iterum
607 1613 706 1652 flens
736 1614 786 1653 ad
817 1621 994 1652 senatum
1026 1615 1168 1662 defert;
1200 1615 1308 1654 istius
1337 1616 1588 1666 cupiditatem

244 1681 447 1729 minasque
478 1680 727 1718 demonstrat.
789 1680 955 1718 Senatus
983 1680 1150 1731 Sopatro
1177 1693 1412 1732 responsum
1439 1683 1588 1721 nullum

244 1747 321 1791 dat,
353 1746 421 1784 sed
449 1754 672 1785 commotus
700 1748 1022 1797 perturbatusque
1054 1747 1227 1786 discedit.
1285 1747 1367 1794 Ille,
1400 1750 1587 1798 praetoris
1605 1767 1649 1797 30

244 1814 451 1852 arcessitus
481 1815 631 1860 nuntio,
662 1826 744 1852 rem
784 1814 1046 1861 demonstrat;
1091 1822 1210 1864 negat
1248 1814 1326 1853 ullo
1356 1816 1477 1854 modo
1507 1817 1588 1855 fieri

244 1892 374 1930 posse.
435 1880 565 1929 Atque
595 1880 691 1918 haec
722 1880 832 1928 (nihil
857 1881 961 1918 enim
988 1880 1375 1930 praetermittendum
1400 1881 1448 1919 de
1477 1882 1588 1920 istius

243 1945 484 1994 impudentia
511 1944 675 1997 videtur)
707 1948 920 1996 agebantur
950 1947 990 1984 in
1020 1953 1213 1985 conventu
1242 1947 1384 1997 palam,
1408 1948 1456 1986 de
1495 1948 1588 1987 sella

244 2024 288 2049 ac
311 2011 357 2048 de
377 2011 465 2049 loco
487 2013 696 2062 superiore.

302 2090 334 2115 2.
365 2077 458 2115 Erat
496 2078 622 2116 hiems
661 2090 815 2117 summa
827 2091 836 2126 ;
882 2085 1104 2128 tempestas,
1134 2085 1177 2117 ut
1215 2078 1344 2129 ipsum
1376 2078 1584 2129 Sopatrum
1604 2094 1645 2127 35

244 2143 372 2181 dicere
402 2144 571 2190 audistis,
598 2145 831 2195 perfrigida;
861 2145 985 2183 imber
1012 2145 1234 2184 maximus:
1264 2157 1386 2195 quum
1415 2147 1486 2185 iste
1514 2147 1585 2185 im-

244 2216 351 2259 perat
372 2209 580 2253 lictoribus,
603 2217 644 2248 ut
667 2210 876 2261 Sopatrum
896 2212 944 2250 de
965 2211 1128 2262 porticu,
1150 2212 1190 2249 in
1209 2224 1287 2261 qua
1306 2212 1389 2262 ipse
1410 2212 1583 2260 sedebat,

244 2275 494 2325 praecipitem
521 2276 560 2312 in
587 2275 715 2314 forum
743 2276 924 2315 deiiciant
951 2277 1179 2328 nudumque
1200 2278 1446 2317 constituant.
1505 2279 1583 2318 Vix

244 2348 324 2378 erat
340 2340 415 2378 hoc
432 2341 546 2390 plane
564 2342 806 2392 imperatum,
823 2355 944 2393 quum
962 2344 1067 2381 illum
1089 2345 1299 2394 spoliatum
1319 2345 1583 2396 stipatumque

244 2408 440 2446 lictoribus
471 2408 644 2447 videres:
676 2421 814 2447 omnes
844 2409 884 2447 id
915 2410 996 2449 fore
1027 2412 1226 2461 putabant,
1249 2418 1291 2449 ut
1320 2412 1438 2451 miser
1466 2420 1582 2464 atque
1600 2431 1644 2464 40
