1747 2620
102 487 165 523 395

98 823 164 857 400

95 1159 160 1194 405

91 1498 157 1531 410

83 2171 148 2204 4²0

187 103 211 136 1.
429 92 605 134 ROME'S
634 100 765 133 RULE
799 100 859 133 oF
891 101 984 133 Hm
1019 101 1309 137 PROVINCES.
1481 107 1562 150 219

187 205 397 239 teneretur.
456 198 506 238 Id
536 206 669 238 autern
700 199 910 250 imperium
939 212 1062 251 quum
1092 201 1251 240 retineri
1283 201 1366 240 sine
1392 201 1563 252 vectiga-

187 268 289 306 libus
319 265 426 305 nullo
456 265 580 305 modo
611 267 748 318 possit,
772 279 901 318 aequo
930 269 1067 306 animo
1094 276 1207 318 parte
1238 269 1369 319 aliqua
1399 281 1563 308 suorum

187 334 386 373 fructuum
405 345 549 385 pacem
570 334 643 373 sibi
666 334 948 385 sempiternam
969 335 1138 374 redimat
1158 343 1277 387 atque
1298 337 1433 375 otium.

247 413 307 440 12.
342 400 463 450 Quod
484 401 516 440 si
536 413 666 452 genus
687 401 820 452 ipsum
842 407 881 440 et
907 414 1058 441 nomen
1079 402 1282 454 publicani
1313 416 1397 443 non
1425 404 1562 455 iniquo

186 469 321 509 animo
349 468 612 517 sustinebunt,
634 475 822 519 poterunt
848 469 894 507 iis
925 469 1091 508 consilio
1114 477 1152 509 et
1178 470 1390 521 prudentia
1417 479 1483 510 tua
1503 485 1562 511 re-

184 537 292 587 liqua
318 536 440 575 videri
471 536 639 575 mitiora.
699 536 875 575 Possunt
904 537 945 575 in
977 537 1226 587 pactionibus
1257 537 1448 578 faciendis
1479 552 1560 578 non

184 604 316 654 legem
346 610 526 655 spectare
556 603 793 651 censoriam,
826 603 897 643 sed
927 604 1059 654 potius
1096 606 1424 645 commoditatem
1466 619 1561 646 con-

185 671 344 710 ficiendi
378 672 527 722 negotii
563 676 602 710 et
636 670 912 709 liberationem
942 671 1160 712 molestiae.
1220 673 1340 712 Potes
1371 675 1490 713 etiam
1521 682 1561 713 tu

183 738 225 777 id
254 738 394 786 facere,
427 738 536 790 quod
566 745 605 777 et
635 738 761 778 fecisti
792 739 952 789 egregie
984 746 1022 777 et
1053 739 1162 786 facis,
1193 748 1236 779 ut
1266 753 1561 781 commemores

184 813 333 858 quanta
362 807 411 845 sit
449 806 490 845 in
526 805 748 858 publicanis
779 805 962 856 dignitas,
995 814 1188 857 quantum
1225 821 1300 848 nos
1341 809 1392 848 illi
1432 810 1561 849 ordini

183 873 410 920 debeamus,
441 881 484 912 ut
518 880 674 912 remoto
715 873 882 924 imperio
914 886 960 912 ac
996 874 1032 911 vi
1073 877 1280 925 potestatis
1316 884 1354 915 et
1394 877 1560 916 fascium

182 941 418 993 publicanos
447 954 538 980 cum
567 940 730 980 Graecis
762 941 888 991 gratia
919 948 1036 993 atque
1068 944 1298 981 auctoritate
1326 944 1558 996 coniungas.

184 1008 263 1048 Sed
292 1016 331 1047 et
361 1010 412 1047 ab
440 1009 500 1056 iis,
531 1008 580 1047 de
611 1009 754 1059 quibus
785 1008 936 1059 optime
967 1016 1009 1047 tu
1039 1010 1202 1049 meritus
1236 1024 1278 1050 es
1315 1019 1352 1051 et
1388 1013 1456 1064 qui
1490 1015 1559 1052 tibi

181 1076 317 1115 omnia
347 1076 506 1123 debent,
529 1075 606 1115 hoc
636 1083 761 1127 petaS,
783 1084 825 1115 ut
856 1075 1039 1116 facilitate
1063 1090 1135 1116 sua
1164 1091 1240 1117 nos
1272 1092 1361 1118 eam
1383 1083 1557 1120 necessi-

179 1143 370 1187 tudinem,
403 1155 504 1194 quae
535 1150 595 1182 est
629 1144 747 1182 nobis
779 1156 870 1182 cum
902 1144 1137 1194 publicanis,
1169 1147 1350 1185 obtinere
1382 1155 1421 1186 et
1461 1161 1557 1187 con-

179 1222 333 1249 servare
368 1210 580 1262 patiantur.
640 1210 720 1250 Sed
755 1211 851 1262 quid
883 1224 960 1264 ego
1000 1219 1038 1251 te
1069 1213 1168 1252 haec
1200 1213 1350 1262 hortor,
1383 1228 1484 1266 quae
1515 1225 1556 1255 tu

178 1290 263 1317 non
282 1278 407 1317 modo
428 1277 557 1317 facere
578 1285 694 1330 potes
716 1285 784 1317 tua
801 1286 946 1330 sponte
963 1280 1045 1318 sine
1061 1281 1297 1332 cuiusquam
1319 1285 1555 1334 praeceptis,

178 1345 250 1384 sed
280 1346 398 1384 etiam
427 1358 577 1397 magna
606 1346 686 1384 iam
718 1359 768 1385 ex
798 1353 908 1397 parte
939 1347 1165 1398 perfecisti?
1224 1349 1321 1388 Non
1352 1352 1458 1390 enim
1487 1353 1555 1392 de-

177 1413 320 1452 sistunt
338 1414 457 1453 nobis
478 1426 596 1465 agere
617 1414 792 1465 quotidie
806 1415 952 1464 gratias
970 1415 1274 1456 honestissimae
1296 1425 1334 1456 et
1354 1420 1553 1460 maximae

176 1481 396 1528 societates,
428 1481 538 1533 quod
569 1483 731 1533 quidem
762 1482 857 1520 mihi
897 1482 1046 1522 idcirco
1089 1484 1298 1524 iucundius
1339 1493 1410 1533 est,
1442 1489 1552 1538 quod

175 1547 282 1587 idem
302 1547 449 1587 faciunt
472 1548 627 1588 Graeci.
689 1549 857 1588 Difficile
878 1558 937 1588 est
965 1558 1097 1589 autern
1120 1564 1177 1598 ea,
1201 1565 1302 1603 quae
1325 1555 1550 1595 commodis

175 1615 337 1655 utilitate
365 1622 404 1655 et
433 1629 558 1668 prope
583 1623 721 1656 natura
752 1617 905 1656 diversa
936 1625 1037 1666 sunt,
1060 1619 1261 1658 voluntate
1291 1622 1546 1674 coniungere.

173 1685 228 1722 At
247 1696 295 1722 ea
313 1684 488 1735 quidem,
508 1697 611 1736 quae
633 1697 752 1736 supra
780 1686 926 1736 scripta
947 1693 1048 1733 sunt,
1071 1699 1155 1725 non
1175 1695 1217 1726 ut
1245 1695 1282 1726 te
1305 1689 1548 1731 instituerem

173 1750 323 1802 scripsi,
343 1752 490 1803 (neque
511 1752 618 1790 enim
639 1752 848 1803 prudentia
868 1760 936 1791 tua
955 1754 1190 1805 cuiusquam
1212 1764 1424 1807 praecepta
1446 1759 1555 1798 desi«

137 1818 314 1869 -derat),
350 1819 420 1859 sed
458 1831 523 1858 me
562 1819 603 1857 in
643 1819 855 1858 scribendo
896 1823 1226 1861 commemoratio
1268 1832 1357 1862 tuae
1398 1826 1547 1865 virtutis

172 1886 401 1926 delectavit:
431 1899 676 1939 quamquam
707 1887 747 1925 in
776 1887 837 1926 his
872 1888 1007 1927 litteris
1041 1889 1200 1940 longior
1234 1890 1289 1929 fui
1324 1904 1445 1942 quam
1480 1902 1547 1933 aut

170 1954 309 1994 vellem
330 1962 397 1993 aut
418 1967 539 2006 quam
560 1967 625 1994 me
646 1956 780 2006 putavi
802 1955 898 1994 fore.

231 2034 292 2072 13.
322 2021 460 2061 Unum
501 2028 571 2069 est,
602 2022 712 2073 quod
753 2023 821 2062 tibi
852 2036 930 2074 ego
970 2026 1200 2077 praecipere
1232 2039 1314 2065 non
1351 2028 1542 2077 desinam,

168 2101 299 2140 neque
318 2096 356 2128 te
377 2089 514 2141 patiar,
537 2096 730 2140 quantum
751 2091 822 2129 erit
847 2091 887 2129 in
910 2104 986 2139 me,
1009 2105 1101 2131 cum
1123 2095 1358 2144 exceptione
1380 2096 1541 2138 laudari.

169 2156 323 2197 Omnes
344 2156 462 2204 enim,
479 2157 547 2208 qui
568 2157 684 2197 istinc
704 2158 877 2205 veniunt,
899 2159 952 2198 ita
973 2159 1022 2198 de
1043 2166 1110 2198 tua
1130 2161 1282 2209 virtute,
1304 2163 1540 2214 integritate,

167 2224 413 2264 humanitate
434 2232 762 2273 commemorant,
783 2233 827 2265 ut
851 2227 891 2265 in
921 2228 998 2266 tuis
1030 2229 1196 2268 summis
1228 2229 1412 2270 laudibus
1434 2233 1539 2271 exci-

166 2291 276 2343 piant
304 2304 427 2331 unam
447 2293 703 2332 iracundiam.
765 2293 889 2342 Quod
911 2295 1047 2334 vitium
1069 2309 1194 2347 quum
1224 2297 1265 2335 in
1295 2297 1370 2336 hac
1391 2300 1540 2349 privata

168 2359 477 2411 quotidianaque
498 2360 576 2400 vita
595 2360 690 2400 levis
713 2373 800 2400 esse
823 2362 944 2400 animi
966 2370 1083 2414 atque
1104 2363 1248 2402 infirmi
1269 2364 1433 2412 videtur,
1455 2374 1538 2405 tum

167 2437 259 2466 vero
288 2427 384 2467 nihil
413 2434 472 2469 est
511 2435 592 2469 tam
623 2429 801 2470 deforme
842 2443 962 2484 quam
993 2431 1044 2471 ad
1084 2444 1286 2472 summum
1327 2432 1538 2487 imperium
