1731 2620
199 136 279 175 224
554 130 807 163 EXTRACTS
838 130 976 162 FROM
1006 129 1191 162 CICERO.
1406 129 1486 163 Sect,
1507 129 1550 161 V.

194 242 451 273 monumenta
481 234 662 272 victoriae
694 233 859 283 plurima
890 231 1111 271 collocaret.
1170 230 1353 283 Denique
1378 229 1440 270 ille
1466 230 1551 282 ipse

195 300 249 338 M.
274 301 495 346 Marcellus,
519 301 628 338 cuius
657 301 695 338 in
719 299 848 338 Sicilia
876 299 1052 337 virtutem
1074 298 1220 345 hostes,
1240 297 1550 337 misericordiam

192 368 293 413 victi,
317 368 514 418 fidemque
545 367 661 406 ceteri
693 366 810 405 Siculi
842 372 1137 416 perspexerunt,
1161 376 1242 403 non
1271 364 1402 404 solum
1431 363 1550 404 sociis

193 435 230 472 in
262 447 310 473 eo
340 434 442 473 bello
473 434 680 475 consuluit,
707 445 840 471 verum
870 433 987 471 etiam
1019 431 1209 482 superatis
1238 430 1417 471 hostibus
1451 437 1549 470 tem-

193 503 348 554 peravit.
408 500 557 540 Urbem
581 501 894 552 pulcherrimam,
918 499 1141 549 Syracusas,
1163 510 1264 550 quae
1285 509 1408 551 quum
1428 509 1549 537 manu
1569 511 1609 546 ²5

192 569 451 607 munitissima
472 577 586 611 esset,
609 577 689 606 tum
720 568 793 606 loci
815 576 952 606 natura
973 574 1073 605 terra
1101 578 1146 605 ac
1167 565 1263 604 mari
1285 564 1548 605 claudebatur.

191 649 312 686 quum
341 637 375 673 vi
404 635 645 686 consilioque
669 635 848 685 cepisset,
872 646 952 673 non
981 633 1108 672 solum
1137 632 1377 671 incolumem
1407 643 1548 683 passus

191 711 250 740 cst
271 715 368 747 esse,
391 702 460 741 sed
483 703 533 740 ita
555 702 707 753 reliquit
723 710 914 747 ornatam,
932 709 972 739 ut
994 708 1096 739 esset
1118 700 1222 738 idem
1243 706 1547 739 monumentum

190 771 382 815 victoriae,
409 769 730 813 mansuetudinis,
760 768 1045 807 continentiae:
1077 779 1199 818 quum
1231 765 1412 805 homines
1441 765 1548 805 vide·

191 844 274 876 rent
314 844 351 876 et
391 837 484 888 quid
524 843 803 887 expugnasset,
836 843 874 874 ct
908 835 1052 885 quibus
1091 833 1342 885 pepercisset,
1373 840 1411 872 et
1445 845 1547 884 quae
1569 846 1611 880 30

189 904 415 955 reliquisset.
477 903 652 942 Tantum
684 903 744 941 ille
770 903 963 941 honorem
996 901 1148 941 Siciliae
1178 900 1405 940 habendum
1435 906 1547 952 puta·

189 972 250 1016 xit,
273 980 311 1009 ut
340 983 389 1008 ne
418 970 588 1009 hostium
610 970 771 1021 quidem
799 970 938 1008 urbem
960 981 1008 1008 ex
1036 969 1235 1008 sociorum
1262 967 1390 1007 insula
1408 966 1547 1007 tollen·

188 1039 279 1077 dam
316 1039 573 1076 arbitraretur.
634 1037 774 1089 Itaque
813 1037 864 1076 ad
903 1049 1045 1076 omnes
1084 1048 1146 1075 res
1181 1035 1311 1075 Sicilia
1344 1034 1548 1086 provincia

188 1118 342 1156 semper
378 1105 436 1143 usi
468 1116 614 1149 sumus,
645 1112 697 1150 ut,
729 1104 921 1155 quidquid
956 1116 1005 1142 ex
1040 1115 1128 1142 sese
1157 1108 1293 1154 posset
1327 1102 1477 1150 efferre,
1506 1101 1546 1141 id

188 1184 269 1210 non
290 1172 395 1222 apud
423 1184 492 1210 eos
521 1171 640 1217 nasci,
663 1171 732 1209 sed
754 1171 862 1210 domi
890 1178 1048 1209 nostrae
1072 1169 1279 1209 conditum
1307 1176 1545 1220 putaremus.
1565 1181 1608 1216 35

188 1238 362 1285 Quando
393 1238 455 1276 illa
486 1238 722 1276 frumentum
753 1237 861 1288 quod
896 1237 1056 1276 deberet
1086 1249 1168 1276 non
1199 1236 1249 1275 ad
1279 1235 1384 1276 diem
1413 1235 1548 1276 dedit?

187 1305 347 1356 quando
380 1305 417 1343 id
448 1305 556 1356 quod
585 1317 687 1355 opus
717 1317 803 1344 esse
834 1311 987 1355 putaret
1017 1316 1099 1343 non
1128 1303 1230 1342 ultro
1259 1302 1432 1354 pollicita
1460 1303 1547 1343 est?

187 1371 347 1422 quando
368 1371 406 1410 id
428 1371 536 1422 quod
558 1371 813 1422 imperaretur
842 1370 1060 1410 recusavit?
1118 1369 1256 1420 Itaque
1283 1369 1344 1409 ille
1364 1369 1421 1409 M.
1444 1369 1547 1410 Cato

188 1439 352 1489 Sapiens
374 1438 510 1477 cellam
534 1439 736 1489 penariam
759 1438 995 1489 reipublicae
1017 1444 1186 1484 nostrae,
1208 1437 1401 1477 nutricem
1421 1437 1547 1488 plebis

188 1504 394 1543 Romanae
436 1504 606 1543 Siciliam
646 1506 887 1544 nominabat.
962 1503 1049 1543 Nos
1089 1515 1182 1543 vero
1222 1503 1372 1554 experti
1410 1516 1548 1544 sumus
1565 1516 1608 1551 4ο

187 1569 324 1608 Italico
352 1569 526 1608 maximo
556 1569 864 1619 difficillimoque
892 1569 995 1607 bello
1026 1567 1198 1607 Siciliam
1225 1567 1342 1607 nobis
1369 1579 1451 1608 non
1474 1579 1548 1620 pro

187 1636 347 1686 penaria
368 1635 475 1681 cella,
497 1635 567 1674 sed
595 1648 667 1686 pro
695 1637 845 1674 aerario
874 1636 938 1674 illo
960 1636 1155 1674 maiomm
1181 1641 1310 1673 vetere
1337 1646 1384 1674 ac
1404 1633 1548 1675 referto

189 1702 316 1740 fuisse.
378 1701 483 1740 Nam
521 1703 602 1740 sine
639 1702 718 1741 ullo
750 1710 908 1753 sumptu
943 1710 1093 1745 nostro,
1125 1700 1253 1747 coriis,
1282 1701 1440 1749 tunicis,
1469 1700 1548 1741 fru-

187 1777 400 1819 mentoque
441 1768 705 1819 suppeditato,
738 1769 934 1807 maximos
970 1769 1165 1807 exercitus
1197 1775 1356 1808 nostros
1384 1769 1546 1818 vestivit,

188 1835 291 1881 aluit,
314 1835 485 1873 armavit.
545 1834 680 1882 Quid?
712 1835 786 1880 illa,
812 1847 912 1885 quae
943 1834 1105 1874 forsitan
1135 1849 1186 1875 ne
1216 1835 1432 1876 sentiamus
1460 1835 1547 1888 qui-
1563 1845 1608 1880 45

188 1901 290 1947 dem,
312 1901 471 1948 iudices,
493 1910 642 1952 quanta
669 1902 787 1940 sunt?
818 1901 926 1953 quod
953 1902 1083 1940 multis
1110 1901 1433 1954 locupletioribus
1456 1902 1546 1942 civi-

187 1969 260 2007 bus
275 1968 430 2013 utimur,
448 1968 557 2019 quod
578 1968 725 2007 habent
741 1969 1018 2020 propinquam,
1032 1968 1201 2016 fidelem,
1223 1968 1545 2022 fructuosamque

187 2035 441 2086 provinciam,
481 2047 562 2086 quo
608 2035 719 2074 facile
762 2043 983 2082 excurrant,
1022 2037 1088 2075 ubi
1132 2036 1297 2076 libenter
1338 2037 1546 2088 negotium

187 2108 346 2152 gerant:
377 2113 478 2153 quos
506 2102 569 2140 illa
596 2103 738 2153 partim
765 2102 960 2140 mercibus
987 2103 1288 2154 suppeditandis
1307 2115 1399 2142 cum
1425 2115 1546 2156 quae·

188 2176 250 2207 stu
278 2169 596 2219 compendioque
627 2169 793 2216 dimittit,
822 2170 961 2219 partim
992 2171 1141 2216 retinet,
1169 2177 1213 2209 ut
1241 2182 1363 2218 arare,
1382 2175 1426 2209 ut
1453 2182 1545 2222 pas·
1563 2184 1608 2218 50

188 2247 288 2282 cere,
322 2242 364 2273 ut
398 2235 588 2286 negotiari
622 2235 752 2282 libeat,
787 2244 829 2274 ut
863 2236 1034 2287 denique
1068 2237 1183 2276 sedes
1221 2249 1268 2276 ac
1301 2236 1544 2276 domicilium

188 2301 394 2341 collocare.
455 2301 578 2350 Quod
599 2303 856 2342 commodum
877 2315 960 2341 non
981 2303 1181 2342 mediocre
1206 2303 1344 2355 populi
1370 2302 1544 2342 Romani

188 2377 271 2415 est;
303 2376 453 2407 tantum
483 2370 624 2408 civium
661 2369 935 2408 Romanorum
969 2383 1190 2417 numemm,
1220 2377 1300 2410 tam
1335 2382 1460 2422 prope
1493 2371 1544 2410 ab

187 2435 322 2483 domo,
344 2444 423 2475 tam
453 2437 569 2476 bonis
592 2436 879 2488 fructuosisque
910 2438 1026 2477 rebus
1052 2437 1226 2477 detineri.
1282 2438 1335 2478 Et
1355 2437 1545 2490 quoniam

1694 2094 1710 2267 Q—DCN—
1704 2047 1711 2059 n
1707 2011 1710 2018 .
