1731 2620
211 107 292 147 266
563 112 810 144 EXTRACTS
840 112 978 143 FRoM
1007 111 1188 144 CICERO.
1413 113 1492 145 Seet.
1509 112 1548 145 v.

207 221 376 271 elegans,
398 228 474 259 tam
502 221 754 265 elaboratum,
780 219 987 269 quisquam
1012 231 1092 257 non
1120 217 1240 257 modo
1271 218 1454 268 privatus,
1482 219 1551 257 sed

209 288 377 338 populus
409 287 538 337 potius
568 286 737 332 haberet,
769 298 887 335 quam
927 285 1047 322 bomo
1087 284 1397 334 elegantissimus
1437 291 1551 336 atque

209 353 489 391 eruditissimus
530 353 702 391 Verres?
752 352 935 389 nimirum
981 358 1116 390 contra
1159 351 1234 389 dici
1276 351 1370 389 nihil
1412 357 1551 401 potest.

209 419 398 457 Nostrum
429 420 532 457 enim
565 431 664 456 unus
698 419 875 469 quisque,
907 418 972 467 qui
1004 425 1083 456 tam
1113 417 1215 454 beati
1245 429 1363 467 quam
1391 417 1464 455 iste
1495 423 1554 455 est

210 498 290 524 non
330 498 474 531 sumus,
515 493 593 523 tam
635 485 784 523 delicati
825 496 910 522 esse
951 496 1031 521 non
1070 495 1292 533 possumuS‚
1328 483 1359 521 si
1395 483 1553 533 quando

210 552 354 602 aliquid
383 551 600 589 istiusmodi
621 551 750 588 videre
778 550 890 595 volet,
923 557 984 587 eat
1012 549 1060 587 ad
1091 549 1229 587 aedem
1261 549 1479 596 Felicitatis,
1504 549 1554 588 ad

210 625 510 656 monumentum
542 616 679 662 Catuli,
711 617 751 654 in
782 616 976 666 porticum
1007 615 1176 662 Metelli;
1217 614 1282 652 det
1309 627 1482 664 operam,
1513 621 1555 652 ut

211 683 435 721 admittatur
465 683 504 720 in
535 682 695 721 alicuius
726 683 889 719 istorum
920 681 1212 727 Tusculanum;
1254 686 1403 730 spectet
1426 680 1554 719 forum

212 758 404 795 ornatum,
435 749 463 786 si
486 749 580 799 quid
610 749 678 786 iste
707 760 867 786 suorum
889 748 1078 786 aedilibus
1098 747 1382 786 commodarit:
1412 745 1554 785 Verres

214 816 309 854 haec
330 816 471 853 habeat
495 816 628 853 domi?
687 814 832 853 Verres
853 814 1092 852 ornamentis
1113 813 1293 851 fanorum
1315 819 1429 864 atque
1443 813 1552 863 oppi-

212 884 349 921 dorum
371 883 511 920 habeat
532 882 689 932 plenam
706 881 879 927 domum,
897 881 1001 919 villas
1022 880 1206 919 refertas?
1237 880 1419 919 Etiamne
1440 879 1554 918 huius

212 949 376 999 operarii
406 948 531 986 studia
561 960 606 986 ac
637 948 806 993 delicias,
836 947 994 990 iudices,
1024 946 1252 996 perferetis?
1282 947 1349 997 qui
1369 947 1422 985 ita
1441 952 1554 984 natus

212 1023 281 1059 est,
314 1015 365 1052 ita
395 1015 593 1059 educatus,
625 1014 676 1051 ita
705 1013 830 1051 sactus
861 1020 899 1051 et
929 1014 1060 1051 animo
1091 1019 1128 1051 et
1157 1024 1333 1063 corpore,
1363 1020 1405 1051 ut
1431 1013 1554 1051 multo

213 1081 430 1131 appositior
455 1081 504 1118 ad
533 1080 703 1126 serenda,
732 1091 849 1128 quam
880 1079 930 1117 ad
960 1078 1172 1117 auferenda
1201 1079 1313 1128 signa
1341 1091 1427 1117 esse
1451 1078 1555 1116 vide-

213 1155 306 1184 atur.
366 1147 495 1196 Atque
525 1146 620 1184 haec
651 1145 810 1195 Sappho
840 1145 992 1183 sublata
1021 1151 1210 1194 quantum
1238 1145 1470 1183 desiderium
1498 1144 1556 1183 sui

213 1212 415 1262 reliquerit,
438 1212 511 1249 dici
533 1212 593 1249 vix
616 1218 754 1262 potest.
806 1210 910 1248 Nam
932 1223 1052 1261 quum
1074 1211 1159 1260 ipsa
1179 1210 1247 1248 fuit
1266 1211 1422 1260 egregie
1441 1210 1556 1258 sacta,

213 1287 293 1316 tum
315 1279 558 1328 epigramma
586 1277 781 1316 Graecum
813 1277 1015 1327 pernobile
1044 1277 1209 1315 incisum
1234 1277 1367 1315 habuit
1392 1277 1432 1314 in
1458 1276 1556 1324 basi,

213 1344 321 1395 quod
352 1344 422 1382 iste
453 1345 623 1382 eruditus
654 1343 775 1381 homo
805 1351 842 1381 et
873 1343 1098 1389 Graeculus,
1130 1344 1195 1393 qui
1234 1343 1330 1381 haec
1369 1343 1557 1381 subtiliter

214 1411 367 1456 iudicat,
390 1411 456 1461 qui
477 1410 583 1448 solus
605 1410 792 1459 intelligit,
816 1410 846 1447 si
867 1422 986 1447 unam
1008 1410 1172 1448 litteram
1194 1408 1388 1448 Graecam
1408 1410 1556 1456 scisset,

214 1485 315 1514 certe
338 1488 418 1514 non
440 1477 664 1514 sustulisset.
724 1475 841 1514 Nunc
863 1477 967 1514 enim
989 1476 1096 1526 quod
1116 1476 1343 1526 inscriptum
1370 1482 1427 1515 est
1451 1475 1558 1514 inani

214 1544 253 1580 in
274 1542 357 1580 basi
380 1542 549 1580 declarat
570 1542 663 1592 quid
684 1542 806 1587 fuerit,
828 1549 865 1579 et
886 1542 923 1579 id
941 1542 1111 1579 ablatum
1128 1542 1283 1580 indicat.

272 1618 305 1657 7.
339 1608 475 1655 Quid?
506 1609 662 1657 signum
692 1608 856 1646 Paeanis
886 1620 934 1646 ex
973 1608 1069 1646 aede
1101 1608 1325 1658 Aesculapii
1363 1607 1558 1659 praeclare

218 1675 375 1720 factum,
405 1687 558 1712 sacrum
588 1687 633 1712 ac
664 1674 900 1723 religiosum,
931 1686 1012 1712 non
1042 1674 1252 1712 sustulisti?
1281 1674 1390 1724 quod
1419 1686 1559 1713 omnes

215 1748 374 1792 propter
394 1740 718 1790 pulchritudinem
739 1740 873 1785 visere,
901 1747 1060 1790 propter
1084 1740 1312 1790 religionem
1339 1740 1468 1779 colere
1495 1752 1559 1780 so-

215 1807 358 1845 lebant.
418 1805 553 1852 Quid?
583 1818 631 1843 ex
659 1805 754 1843 aede
777 1805 906 1843 Liberi
927 1806 1176 1843 simulacrum
1196 1805 1363 1844 Aristaei
1389 1817 1471 1844 non
1491 1812 1559 1845 tuo

217 1873 379 1923 imperio
407 1873 538 1922 palam
568 1872 738 1910 ablatum
766 1872 852 1910 est?
912 1871 1047 1918 Quid?
1077 1885 1125 1910 ex
1149 1872 1246 1910 aede
1274 1873 1378 1911 Iovis
1404 1873 1558 1923 religio-

218 1941 414 1980 sissimum
436 1939 685 1978 simulacrum
712 1938 816 1977 Iovis
843 1938 1104 1988 Imperatoris,
1125 1951 1243 1990 quem
1265 1937 1407 1978 Graeci
1435 1943 1561 1987 Οὔριον

218 2007 434 2052 nominant,
456 2005 714 2055 pulcherrime
735 2004 893 2051 sactum,
914 2017 1047 2043 nonne
1068 2005 1285 2044 abstulisti?
1343 2005 1480 2053 Quid?
1509 2018 1558 2044 ex

219 2072 315 2110 aede
339 2071 503 2110 Liberae
527 2083 689 2121 parvum
708 2071 802 2109 illud
829 2077 945 2120 caput
974 2071 1289 2121 pulcherrimum,
1310 2071 1418 2122 quod
1437 2072 1558 2110 visere

219 2139 452 2183 solebamus,
474 2150 569 2175 num
591 2137 773 2175 dubitasti
795 2137 954 2175 tollere?
983 2137 1114 2188 Atque
1133 2137 1195 2176 ille
1210 2137 1342 2176 Paean
1362 2137 1559 2177 sacrificiis

219 2204 487 2242 anniversariis
518 2203 631 2241 simul
661 2216 751 2241 cum
791 2203 1027 2253 Aesculapio
1067 2203 1173 2253 apud
1211 2203 1296 2242 illos
1335 2203 1556 2251 colebatur3

218 2271 431 2316 Aristaeus,
463 2270 539 2320 qui,
571 2275 612 2306 ut
643 2268 783 2307 Graeci
813 2269 950 2315 ferunt,
981 2268 1111 2307 Liberi
1142 2269 1252 2316 filius,
1280 2269 1458 2308 inventor
1483 2269 1560 2308 olei

218 2349 303 2375 esse
333 2336 479 2381 dicitur,
510 2347 588 2373 una
618 2347 707 2373 cum
737 2334 878 2373 Libero
908 2341 1016 2385 patre
1047 2335 1152 2385 apud
1181 2335 1266 2374 illos
1305 2335 1448 2374 eodem
1478 2342 1560 2374 erat

220 2403 258 2440 in
288 2401 432 2451 templo
464 2407 723 2439 consecratus.
785 2400 920 2438 Iovem
947 2407 1076 2438 autem
1106 2400 1380 2450 imperatorem
1410 2407 1558 2451 quanto

1578 424 1636 457 145

1580 755 1639 788 ¹50

1580 1088 1638 1122 155

1581 1419 1642 1452 160

1580 1743 1639 1786 165

1580 2089 1642 2123 170

1581 2411 1641 2447 Ι75
