1747 2620
135 138 177 170 11.
199 148 234 179 9.
376 127 554 169 RoME'S
583 138 712 170 RULE
747 139 806 170 or·
835 139 933 171 HER
966 141 1252 175 PROVINCES.
1413 148 1435 178 2
1442 145 1494 190 53

129 238 326 278 innocens
364 239 484 290 virgis
525 241 777 280 caederetur:
823 242 957 281 fefellit
997 243 1094 283 haec
1129 244 1313 283 homines
1345 246 1494 295 opinio.

129 304 263 356 Virgis
283 306 356 345 iste
378 307 561 346 caederet
581 309 666 347 sine
697 321 817 348 causa
838 311 991 349 socium
1012 312 1151 362 populi
1180 312 1356 351 Romani
1378 320 1496 364 atque

130 372 332 412 amicum?
390 374 485 413 Non
506 388 632 427 usque
663 389 712 415 eo
746 377 974 428 improbus:
1005 391 1089 417 non
1118 380 1253 418 omnia
1275 387 1365 419 sunt
1385 381 1426 419 in
1447 394 1495 420 co

128 451 210 478 uno
240 441 356 480 vitia:
387 454 610 494 numquam
640 443 711 482 fuit
752 445 932 484 crudelis.
992 446 1153 486 Leniter
1182 446 1388 486 hominem
1419 449 1495 487 cle-

62 517 102 551 45
128 514 360 559 mentesque
390 511 555 561 accepit.
613 510 829 561 Equestres
860 520 951 551 sunt
981 514 1113 553 medio
1143 515 1184 553 in
1211 515 1300 554 foro
1328 515 1494 555 Marcel-

127 574 253 613 lorum
284 582 448 624 statuae,
471 578 584 617 sicuti
606 578 687 617 fere
714 580 853 619 ceteris
880 581 921 619 in
946 582 1104 632 oppidis
1127 582 1306 623 Siciliae:
1337 597 1387 623 ex
1408 587 1494 636 qui-

125 642 199 681 bus
239 643 311 682 iste
343 643 388 683 C.
410 644 589 684 Marcelli
620 652 789 684 statuam
819 647 975 699 delegit,
1008 649 1118 688 cuius
1158 650 1287 688 officia
1316 651 1357 689 in
1388 652 1493 690 illam

126 709 321 748 civitatem
341 718 545 763 totamque
562 713 808 763 provinciam
824 715 1097 754 recentissima
1114 724 1224 755 erant
1240 725 1279 756 et
1294 719 1490 766 maxima;

123 775 165 813 in
185 789 233 815 ea
254 776 478 829 Sopatrum,
500 779 705 819 hominem
727 793 850 832 quum
883 782 992 821 dorni
1013 783 1199 831 nobilem,
1222 791 1306 823 tum
1333 798 1491 825 summo

63 857 107 891 50
123 844 354 894 magistratu
375 846 610 896 praeditum,
632 847 836 887 divaricari
858 861 904 887 ac
926 849 1086 901 deligari
1109 851 1225 890 iubet.
1287 852 1381 900 Quo
1403 866 1489 892 cru-

124 911 228 950 ciatu
258 913 306 951 sit
336 913 513 962 affectus,
544 915 676 953 venire
715 916 755 954 in
786 923 961 956 mentem
1002 931 1166 958 necesse
1195 927 1254 959 est
1289 922 1488 969 omnibus,

122 990 246 1028 quum
263 988 367 1020 esset
382 982 536 1021 vinctus
557 983 688 1021 nudus
708 983 749 1021 in
767 996 868 1031 aere,
885 985 925 1023 in
941 985 1067 1033 imbri,
1086 987 1127 1024 in
1143 986 1299 1038 frigore.
1344 988 1487 1041 Neque

121 1052 256 1097 tamen
277 1047 365 1087 finis
392 1048 482 1088 huic
503 1049 666 1089 iniuriae
688 1051 985 1104 crudelitatique
1015 1053 1144 1101 fiebat,
1168 1055 1296 1094 donec
1318 1056 1488 1107 populus

121 1121 240 1165 atque
260 1115 443 1155 universa
462 1116 684 1165 multitudo,
707 1119 908 1157 atrocitate
933 1120 987 1158 rei
1008 1121 1355 1173 misericordiaque
1377 1136 1487 1163 corn-

60 1198 101 1231 55
121 1189 241 1229 mota,
262 1190 444 1222 senatum
473 1184 646 1223 clamore
676 1186 819 1236 co'e'git,
840 1193 882 1224 ut
910 1187 945 1225 ei
973 1188 1226 1227 simulacrum
1256 1190 1350 1229 illud
1380 1190 1486 1230 Mer-

121 1248 215 1287 curii
236 1249 494 1300 polliceretur.
555 1250 792 1291 Clamabant
819 1253 902 1292 fore
929 1261 972 1293 ut
998 1255 1074 1306 ipsi
1103 1269 1146 1295 se
1167 1257 1220 1295 dii
1245 1257 1486 1298 immortales

119 1314 398 1355 ulciscerentur
419 1331 427 1355 :
485 1317 691 1357 hominem
739 1319 890 1360 interea
933 1322 1060 1372 perire
1102 1323 1358 1363 innocentem
1402 1339 1485 1365 non

118 1390 312 1434 oportere.
371 1384 479 1424 Turn
506 1385 692 1437 frequens
720 1395 880 1427 senatus
902 1389 953 1427 ad
984 1390 1102 1428 istum
1124 1392 1249 1430 venit:
1281 1393 1485 1443 pollicetur

102 1450 286 1501 signum.
344 1451 409 1490 Ita
431 1452 598 1503 Sopater
620 1453 668 1492 de
691 1461 818 1493 statua
839 1454 884 1494 C.
904 1455 1092 1502 Marcelli,
1111 1470 1234 1510 quum
1255 1459 1334 1498 iam
1355 1473 1482 1512 paene

57 1525 102 1558 60
118 1519 366 1569 obriguisset‚
388 1520 451 1558 vix
472 1521 583 1559 vivus
605 1521 786 1561 aufertur.

174 1599 209 1636 3.
242 1585 337 1625 Non
358 1599 523 1637 possum
544 1587 733 1638 disposite
754 1589 872 1629 istum
894 1603 1092 1639 accusare,
1115 1593 1147 1631 si
1169 1594 1349 1645 cupiam:
1380 1609 1483 1647 opus

116 1660 175 1692 est
204 1665 288 1693 non
318 1654 448 1693 solum
478 1655 653 1706 ingenio,
685 1669 821 1696 verum
852 1659 970 1697 etiam
1001 1660 1164 1700 artificio
1196 1663 1372 1713 quodam
1403 1665 1481 1703 sin-

115 1719 250 1770 gulari.
309 1719 446 1759 Unum
475 1720 554 1760 hoc
588 1722 737 1761 crimen
767 1724 918 1764 videtur
949 1739 1047 1774 esse,
1081 1735 1118 1766 et
1149 1741 1172 1766 a
1201 1741 1266 1768 me
1296 1742 1369 1780 pro
1399 1744 1481 1770 uno

114 1787 286 1837 ponitur,
309 1787 357 1826 de
379 1787 579 1828 Mercurio
600 1789 877 1840 Tyndaritano
897 1804 904 1830 :
936 1793 1048 1843 plura
1069 1802 1170 1834 sunt.
1231 1796 1311 1836 Sed
1333 1810 1380 1836 ea
1400 1811 1480 1849 quo

54 1866 95 1909 65
114 1862 232 1906 pacto
262 1855 502 1907 distinguere
533 1868 579 1895 ac
605 1869 787 1908 separare
812 1860 976 1910 possim,
998 1863 1143 1901 nescio.
1203 1863 1274 1902 Est
1295 1867 1480 1915 pecunia·

113 1935 201 1962 rum
229 1929 444 1974 captarum,
467 1924 576 1974 quod
607 1925 767 1974 signum
799 1939 822 1965 a
852 1928 969 1967 sociis
991 1931 1182 1979 pecuniae
1203 1944 1372 1982 magnae
1394 1946 1478 1972 sus-

113 1989 209 2028 tulit.
266 1989 340 2029 Est
360 1990 575 2041 peculatus,
597 1992 707 2041 quod
729 1993 931 2042 publicum
953 1997 1089 2046 populi
1112 1997 1285 2037 Romani
1307 2001 1477 2050 signum,

113 2056 162 2096 de
191 2057 339 2108 praeda
368 2056 542 2096 hostium
573 2065 745 2108 captum,
770 2061 945 2110 positum
975 2063 1221 2114 imperatoris
1252 2069 1375 2106 nostri
1407 2081 1477 2107 no-

111 2125 232 2170 mine,
263 2136 345 2163 non
377 2124 566 2164 dubitavit
595 2125 757 2165 auferre.
817 2127 889 2167 Est
918 2131 1142 2179 maiestatis,
1175 2134 1283 2184 quod
1323 2135 1475 2186 imperii

53 2206 96 2244 70
113 2192 236 2231 nostri
256 2191 404 2242 gloriae
424 2204 633 2244 rerumque
653 2201 853 2244 gestarum
875 2206 1136 2238 monumenta
1157 2208 1328 2240 evertere
1357 2212 1474 2254 atquc

112 2265 314 2309 asportare
344 2271 462 2297 ausus
493 2266 562 2298 est.
612 2259 684 2298 Est
715 2262 883 2310 sceleris,
906 2265 1014 2315 quod
1045 2267 1254 2317 religiones
1279 2271 1472 2308 maximas

111 2325 277 2364 violavit.
335 2325 407 2365 Est
428 2327 677 2374 crudelitatis,
701 2330 809 2380 quod
840 2331 879 2368 in
910 2331 1111 2372 hominem
1143 2336 1409 2383 innocentem,
1433 2338 1471 2375 in

111 2393 263 2432 socium
285 2400 466 2432 nostrum
494 2401 611 2445 atque
633 2396 816 2445 amicum,
840 2410 985 2438 novum
1014 2408 1052 2439 et
1073 2402 1268 2453 singulare
1291 2405 1468 2455 supplicii

110 2472 238 2510 genus
258 2461 504 2511 excogitavit.
557 2461 657 2501 Illud
679 2475 769 2502 vero
791 2465 885 2516 quid
907 2468 964 2513 sit,
988 2467 1066 2505 iarn
1088 2481 1170 2507 non
1192 2482 1296 2521 queo
1318 2472 1468 2511 dicere:

777 2544 802 2571 τ
