1747 2620
163 85 205 117 11.
232 93 282 126 13.
399 73 576 116 ROME³S
606 83 734 116 RULE
768 84 826 115 OF
857 83 954 114 ΗΕΒ
988 82 1274 114 PROVINCES.
1439 74 1520 125 267

161 186 312 226 honore
333 186 372 225 in
401 199 472 226 suo
494 187 642 238 templo
671 187 790 226 fuisse
819 186 1089 226 arbitramini?
1122 185 1316 224 coniicere
1346 184 1521 234 potestis,

161 254 193 293 si
222 254 419 293 recordari
449 255 658 301 volueritis,
681 261 830 305 quanta
859 253 1048 303 religione
1079 252 1193 291 suerit
1222 251 1362 290 eadem
1390 251 1522 302 specie

161 327 278 372 atque
306 320 434 360 forma
463 321 622 372 signum
652 321 757 369 illud,
789 321 898 372 quod
938 333 986 358 ex
1017 318 1258 358 Macedonia
1288 325 1448 368 captum
1483 317 1522 354 in

161 387 359 438 Capitolio
388 395 574 439 posuerat
604 388 860 427 Flamininus.
934 387 1094 426 Etenim
1125 386 1197 424 tria
1226 385 1453 424 ferebantur
1483 383 1523 422 in

79 458 141 489 180
160 456 255 494 orbe
276 462 465 494 terrarum
486 456 600 506 signa
616 455 719 494 Iovis
741 455 989 506 imperatoris
1009 467 1091 493 uno
1113 454 1153 492 in
1175 466 1322 504 genere
1343 452 1522 503 pulcher-

160 523 255 562 rime
290 522 414 562 facta:
454 536 577 562 unum
607 523 701 562 illud
741 522 1061 568 Macedonicum,
1093 521 1202 572 quod
1242 521 1283 558 in
1323 519 1521 570 Capitolio

159 589 352 629 vidimus:
383 590 561 636 alterum,
583 590 624 628 in
653 589 770 628 Ponti
799 602 867 629 ore
897 597 935 628 et
965 589 1184 639 angustiis:
1217 588 1384 634 tertium,
1413 586 1522 637 quod

161 656 364 708 Syracusis
385 663 475 695 ante
495 656 663 696 Verrem
683 664 906 708 praetorem
927 656 1010 694 suit.
1070 655 1173 694 Illud
1200 654 1446 693 Flamininus
1471 654 1524 692 ita

159 737 209 762 ex
248 724 345 763 aede
385 736 457 763 sua
486 724 650 771 sustulit,
681 731 723 762 ut
762 724 802 761 in
834 723 1043 774 Capitolio,
1075 723 1152 761 hoc
1182 728 1241 761 est
1279 722 1319 760 in
1353 721 1522 760 terrestri

78 798 139 840 185
160 791 360 831 domicilio
400 791 518 838 Iovis,
555 798 733 842 poneret.
793 789 916 838 Quod
958 797 1090 828 autem
1131 797 1189 828 est
1229 789 1280 828 ad
1319 789 1522 828 introitum

159 858 287 906 Ponti,
309 858 360 906 id,
380 871 504 910 quum
524 865 605 896 tam
630 858 751 896 multa
773 871 820 896 ex
842 857 908 896 illo
930 857 1027 895 mari
1058 857 1159 896 bella
1180 857 1420 903 emerserint,
1442 864 1522 894 tam

158 926 281 966 multa
310 938 430 977 porro
461 926 501 964 in
540 925 714 965 Pontum
743 926 897 964 invecta
927 926 1015 972 sint,
1046 938 1171 976 usque
1203 925 1253 963 ad
1283 924 1386 963 hanc
1417 924 1522 962 diem

158 994 355 1045 integrum
384 993 692 1043 inviolatumque
723 1001 919 1032 servatum
959 1000 1028 1031 est.
1090 992 1183 1031 Hoc
1214 993 1381 1039 tertium,
1414 992 1522 1044 quod

160 1068 241 1100 erat
263 1061 477 1111 Syracusis,
494 1060 604 1111 quod
626 1060 683 1099 M.
705 1060 930 1107 Marcellus,
948 1067 1122 1098 armatus
1144 1067 1182 1098 et
1203 1060 1338 1105 victor,
1359 1060 1521 1106 viderat,

78 1139 141 1174 190
160 1128 268 1180 quod
289 1128 468 1179 religioni
489 1135 750 1175 concesserat,
773 1127 882 1178 quod
903 1128 1007 1166 cives
1036 1135 1153 1178 atque
1179 1127 1334 1165 incolae
1357 1126 1522 1177 Syracu-

159 1196 245 1235 sani
266 1195 405 1243 colere,
427 1195 601 1234 advenae
622 1207 704 1234 non
733 1195 861 1233 solum
883 1195 1018 1241 visere,
1041 1207 1176 1232 verum
1198 1195 1316 1232 etiarn
1346 1194 1521 1232 venerari

160 1262 366 1302 solebant:
396 1262 436 1301 id
457 1261 501 1301 C.
517 1261 663 1300 Verres
689 1274 737 1300 ex
766 1261 914 1312 templo
937 1261 1042 1300 Iovis
1065 1261 1228 1300 sustulit.
1290 1259 1345 1298 Ut
1367 1263 1522 1311 saepius

160 1329 211 1368 ad
232 1329 288 1367 M.
312 1329 546 1368 Marcellum
566 1336 745 1375 revertar,
767 1328 927 1374 iudices,
951 1329 1005 1366 sic
1036 1328 1246 1366 habetote:
1278 1328 1410 1378 plures
1436 1339 1522 1365 esse

106 1424 113 1431 ·
160 1409 184 1436 a
213 1395 468 1448 Syracusanis
507 1396 616 1434 istius
656 1396 827 1434 adventu
859 1396 967 1442 deos,
999 1407 1120 1446 quam
1149 1395 1310 1433 victoria
1346 1394 1522 1433 Marcelli

80 1473 140 1508 195
160 1463 343 1503 homines
374 1463 628 1503 desideratos.
687 1462 846 1501 Etenim
885 1462 947 1501 ille
987 1461 1195 1512 requisisse
1237 1461 1374 1499 dicitur
1405 1461 1521 1499 etiam

160 1530 440 1570 Archimedem
470 1530 589 1577 illum,
616 1542 773 1568 summo
804 1530 963 1579 ingenio
992 1529 1196 1567 hominem
1227 1541 1273 1566 ac
1305 1528 1522 1578 disciplina,

160 1610 331 1648 eumque
361 1610 484 1648 quum
514 1597 686 1636 audisset
716 1597 975 1644 interfectum,
997 1596 1234 1646 permoleste
1264 1595 1419 1634 tulisse:
1452 1596 1523 1633 iste

161 1665 308 1712 omnia,
329 1677 430 1716 quae
457 1665 665 1716 requisivit,
688 1676 769 1703 non
800 1671 841 1702 ut
869 1670 1129 1710 conservaret,
1151 1675 1286 1700 verum
1317 1670 1358 1701 ut
1386 1674 1523 1713 aspor-

161 1739 270 1780 taret,
290 1733 499 1784 requisivit.
550 1731 636 1770 Iam
658 1731 732 1778 illa,
755 1732 846 1782 quia
867 1731 1012 1769 leviora
1033 1730 1277 1777 videbuntur,
1300 1729 1388 1768 ideo
1410 1742 1523 1780 prae-

80 1808 143 1832 200
161 1800 312 1838 teribo:
344 1799 453 1851 quod
482 1799 553 1838 iste
581 1811 740 1838 mensas
769 1797 982 1848 Delphicas
1010 1809 1032 1836 e
1053 1809 1262 1843 marmore,
1285 1805 1454 1835 crateras
1475 1809 1523 1835 ex

162 1879 251 1906 aere
281 1866 575 1917 pulcherrimas,
596 1867 674 1904 vim
702 1865 917 1904 maximam
945 1876 1128 1903 vasorum
1157 1863 1453 1902 Corinthiorum
1475 1877 1523 1902 ex

162 1934 350 1972 omnibus
380 1933 545 1972 aedibus
576 1933 697 1972 sacris
730 1932 932 1982 Syracusis
959 1931 1125 1970 abstulit.
1189 1931 1340 1982 Itaque,
1363 1932 1522 1978 iudices,

163 2000 214 2047 hi,
247 2000 312 2051 qui
341 2000 520 2051 hospites
551 2000 602 2039 ad
631 2012 678 2038 ea
707 2012 808 2050 quae
839 1999 1002 2038 visenda
1033 2005 1122 2037 sunt
1155 1998 1299 2037 ducere
1330 1999 1456 2037 solent
1487 2005 1525 2036 et

163 2080 288 2106 unum
319 2067 492 2118 quidque
522 2067 742 2112 ostendere,
765 2078 865 2117 quos
893 2066 943 2104 illi
972 2073 1232 2117 mystagogos
1253 2074 1406 2113 vocant,
1431 2078 1523 2104 con-

84 2142 144 2175 205
164 2146 318 2174 versam
345 2135 424 2173 iam
450 2133 598 2174 habent
623 2134 1003 2173 demonstrationem
1034 2146 1157 2172 suam.
1218 2133 1336 2181 Nam,
1364 2141 1405 2172 ut
1435 2142 1524 2171 ante

165 2202 498 2248 demonstrabant,
530 2202 625 2253 quid
662 2202 807 2252 ubique
838 2208 965 2240 esset:
1000 2201 1054 2240 ita
1084 2213 1202 2248 nunc,
1225 2201 1320 2252 quid
1350 2201 1524 2252 undique

166 2269 338 2308 ablatum
359 2269 418 2316 sit,
441 2269 666 2308 ostendunt.

224 2337 260 2374 8.
291 2334 400 2383 Quid
421 2337 530 2374 turn?
561 2335 800 2374 mediocrine
823 2334 982 2374 tandem
1007 2334 1141 2373 dolore
1165 2347 1233 2373 cos
1255 2334 1416 2373 affectos
1439 2348 1524 2373 esse

169 2402 437 2442 arbitramini?
497 2401 600 2455 Non·
623 2403 674 2441 ita
703 2410 774 2449 cst,
811 2403 983 2441 tudites:
1029 2402 1210 2452 primum,
1242 2402 1349 2452 quod
1386 2415 1527 2440 omncs
