1731 2620
250 97 330 137 262
569 101 818 134 EXTRACTS
848 102 987 133 FROM
1017 101 1198 133 CICERO.
1454 104 1534 135 Sect.
1556 103 1595 134 V.

248 204 421 250 audierit,
443 215 743 253 nonnumquam
773 203 888 241 etiam
915 203 951 240 in
974 201 1178 240 annalibus
1202 201 1347 251 legerit.
1407 201 1593 241 Conferte

247 271 347 309 hanc
378 283 515 320 pacem
545 282 635 307 cum
666 270 729 307 illo
761 269 873 314 bello,
906 268 1018 306 huius
1049 269 1236 319 praetoris
1265 267 1473 306 adventum
1502 280 1592 305 cum

246 338 344 375 illius
366 337 610 387 imperatoris
632 337 801 381 victoria,
815 335 929 373 huius
950 334 1152 373 cohortem
1173 335 1367 385 impuram
1384 347 1474 374 cum
1495 334 1593 372 illius

245 405 415 442 exercitu
445 405 600 448 invicto,
631 403 744 440 huius
775 402 954 440 libidines
986 414 1075 440 cum
1106 401 1203 439 illius
1233 401 1499 440 continentia:
1543 401 1593 439 ab

245 470 308 508 illo
339 471 404 520 qui
436 471 537 520 cepit
567 469 757 514 conditas,
779 470 828 507 ab
858 468 934 507 hoc
963 469 1029 518 qui
1060 469 1291 506 constitutas
1321 468 1472 518 accepit
1500 480 1590 519 cap·
1618 482 1655 503 ιο

245 544 301 574 tas
328 537 462 574 dicetis
496 536 717 586 Syracusas.
778 536 836 574 Ac
864 536 941 573 iam
969 535 1031 572 illa
1058 535 1206 580 omitto,
1235 546 1336 585 quae
1368 534 1541 585 disperse
1570 547 1593 573 a

244 615 306 640 me
338 603 465 640 multis
496 602 591 640 locis
622 602 797 640 dicentur
826 614 872 640 ac
902 601 1004 640 dicta
1034 609 1149 639 sunt:
1181 600 1308 639 sorum
1331 600 1593 651 Syracusano-

244 681 338 715 rum,
371 670 477 719 quod
508 669 664 706 introitu
696 668 869 706 Marcelli
900 679 1040 718 purum
1071 667 1192 706 caede
1223 673 1416 706 servatum
1451 674 1521 713 est,
1551 666 1590 705 id

244 735 409 772 adventu
427 734 558 773 Verris
582 734 800 773 Siculorum
827 735 1096 772 innocentium
1118 734 1308 784 sanguine
1330 733 1590 780 redundasse;

244 811 399 850 portum
429 801 775 851 Syracusanorum,
797 802 862 851 qui
891 808 973 838 tum
994 808 1031 839 et
1058 801 1200 838 nostris
1221 800 1411 839 classibus
1431 807 1468 838 et
1490 799 1589 838 Kar·
1613 818 1650 849 15

242 867 542 917 tliaginiensium
583 868 736 905 clausus
776 867 922 912 suisset,
963 879 1053 904 eum
1092 867 1167 905 isto
1206 874 1384 917 praetore
1424 865 1589 906 Cilicum

242 934 472 983 myoparoni
507 934 850 984 praedonibusque
884 933 1064 983 patuisse.
1124 932 1239 971 Mitto
1269 932 1481 972 adhibitam
1511 933 1588 971 vim

242 1001 433 1049 ingenuis,
455 1000 764 1038 matresfamilias
795 1000 977 1046 violatas;
1009 1011 1109 1050 quae
1132 1006 1212 1037 tum
1233 1000 1328 1038 urbe
1348 1006 1462 1050 capta
1482 1011 1588 1038 com-

242 1068 360 1104 missa
401 1079 480 1105 non
512 1074 601 1105 sunt
641 1079 769 1117 neque
801 1066 894 1104 odio
924 1066 1054 1104 hostili
1094 1078 1222 1117 neque
1251 1065 1406 1104 licentia
1435 1065 1588 1104 militari

241 1145 368 1183 neque
408 1145 517 1171 more
559 1132 645 1171 belli
694 1145 823 1183 neque
870 1133 950 1170 iure
991 1132 1196 1171 victoriae:
1249 1132 1372 1178 mitto,
1413 1132 1586 1183 inquam,
1607 1155 1649 1177 20

240 1198 338 1237 haee
365 1200 510 1245 omnia,
532 1212 631 1250 quae
663 1200 712 1237 ab
741 1200 816 1237 isto
847 1211 916 1249 per
946 1198 1152 1236 triennium
1183 1197 1355 1248 perfecta
1383 1205 1496 1237 sunt:
1529 1210 1587 1246 ea,

240 1278 340 1316 quae
370 1267 579 1304 coniuncta
609 1278 698 1304 cum
729 1266 799 1303 illis
830 1266 944 1304 rebus
974 1272 1075 1312 sunt,
1103 1265 1151 1303 de
1181 1265 1322 1315 quibus
1352 1271 1467 1303 antea
1495 1264 1586 1313 dixi,

240 1333 478 1382 cognoscite.

297 1412 331 1436 2.
363 1397 511 1436 Urbem
543 1398 754 1448 Syracusas
793 1399 1006 1436 maximam
1046 1410 1131 1436 esse
1162 1396 1402 1436 Graecarum
1430 1397 1585 1436 urbium

240 1465 618 1515 pulcherrimamque
650 1466 826 1502 omnium
858 1477 973 1514 saepe
1005 1464 1175 1502 audistis.
1233 1463 1315 1510 Est,
1345 1463 1502 1510 iudices,
1532 1464 1585 1502 ita
1605 1478 1644 1512 25

239 1540 279 1569 ut
301 1531 438 1569 dicitur
456 1544 464 1569 :
497 1543 587 1569 nam
610 1538 647 1569 et
676 1531 749 1569 situ
770 1538 829 1569 est
850 1542 970 1581 quum
990 1531 1154 1576 munito,
1177 1537 1260 1568 tum
1281 1542 1329 1568 ex
1349 1529 1459 1568 omni
1478 1529 1584 1568 aditu

239 1598 297 1636 vel
327 1605 426 1636 terra
456 1597 514 1636 vel
543 1598 640 1635 mari
670 1597 872 1648 praeclaro
902 1597 952 1635 ad
982 1603 1206 1646 aspectum:
1237 1603 1275 1634 et
1302 1603 1436 1647 portus
1465 1595 1584 1635 habet

239 1676 363 1714 prope
384 1665 423 1701 in
445 1664 715 1702 aedificatione
736 1670 976 1714 aspectuque
997 1663 1104 1702 urbis
1133 1662 1305 1701 inclusos
1325 1676 1334 1700 :
1365 1662 1432 1714 qui
1461 1675 1583 1714 quum

238 1732 410 1769 diversos
442 1731 539 1768 inter
570 1742 612 1769 se
645 1730 770 1768 aditus
802 1730 982 1775 habeant,
1015 1730 1054 1767 in
1089 1730 1194 1768 exitu
1226 1730 1516 1779 coniunguntur
1546 1735 1584 1768 et

238 1797 450 1836 confluunt.
509 1796 656 1834 Eorum
685 1797 961 1834 coniunctione
976 1807 1066 1846 pars
1086 1795 1233 1846 oppidi,
1254 1807 1354 1846 quae
1368 1795 1584 1846 appellatur
1603 1814 1646 1846 30

238 1864 383 1910 Insula,
405 1863 501 1901 mari
532 1863 726 1901 disiuncta
756 1869 937 1912 angusto,
959 1868 1081 1912 ponte
1112 1873 1265 1899 rursum
1294 1861 1517 1912 adiungitur
1545 1868 1585 1900 et

237 1932 466 1969 continetur.
524 1929 582 1968 Ea
604 1937 710 1967 tanta
729 1936 787 1967 est
818 1929 922 1971 urbs.
944 1936 985 1966 ut
1011 1940 1059 1966 ex
1080 1934 1262 1978 quattuor
1279 1927 1440 1966 urbibus
1459 1928 1583 1966 maxi·

236 1998 309 2035 mis
330 2006 507 2035 constare
535 1997 707 2035 dicatur:
739 2007 903 2046 quarum
930 2007 1009 2033 una
1037 2001 1097 2033 est
1116 2007 1164 2032 ea
1184 2006 1303 2044 quam
1324 1993 1404 2032 dixi
1424 1993 1582 2034 Insula:

237 2076 336 2115 quae
372 2063 525 2101 duobus
561 2063 750 2113 portubus
783 2062 920 2107 cincta,
954 2062 994 2099 in
1028 2061 1227 2111 utriusque
1261 2067 1399 2111 portus
1438 2061 1581 2099 ostium

237 2131 462 2180 aditumque
493 2131 666 2180 proiecta
697 2136 782 2168 est:
813 2130 852 2166 in
889 2141 967 2179 qua
999 2128 1141 2166 domus
1168 2134 1237 2174 est,
1264 2139 1366 2177 quae
1394 2126 1580 2167 Hieronis
1600 2143 1641 2176 35

237 2198 337 2247 regis
358 2196 438 2242 suit,
461 2208 536 2245 qua
556 2202 755 2245 praetores
776 2195 830 2232 uti
861 2194 996 2232 solent.
1057 2193 1104 2231 Iu
1125 2205 1171 2232 ea
1191 2200 1280 2232 sunt
1309 2193 1426 2232 aedes
1447 2205 1580 2233 sacrae

236 2263 466 2313 complures,
489 2261 559 2300 sed
591 2261 689 2299 duae
719 2273 818 2310 quae
848 2260 966 2309 longe
997 2260 1134 2298 ceteris
1163 2259 1406 2306 antecellant,
1428 2259 1579 2299 Dianae

236 2342 322 2373 una,
354 2337 391 2367 et
419 2328 547 2374 altera,
581 2340 680 2378 quae
714 2327 782 2364 fuit
813 2334 902 2364 ante
937 2326 1047 2363 istius
1078 2325 1289 2364 adventum
1321 2325 1578 2372 ornatissima,

237 2397 448 2435 Minervae.
505 2395 554 2434 In
577 2394 649 2433 hac
676 2393 809 2433 Insula
829 2401 1002 2432 extrema
1022 2400 1080 2432 est
1109 2392 1197 2432 fons
1219 2403 1342 2444 aquae
1363 2391 1498 2442 dulcis,
1517 2394 1581 2431 cui
