1731 2620
240 135 319 189 256
595 140 751 174 ExTRA
760 142 841 174 cTS
871 142 932 173 FR
940 141 1009 174 ΟΜ
1038 141 1221 174 CICERO.
1447 143 1527 176 sect.
1543 145 1587 175 V.

237 257 317 284 non
338 244 506 284 hostium
521 244 688 284 adventu
709 245 945 296 necopinato
967 257 1094 295 neque
1115 242 1320 295 repentino
1339 243 1585 293 praedonum

238 314 406 363 impetu;
440 313 508 351 sed
536 326 584 351 ex
613 313 734 351 dorno
756 321 872 363 atque
894 312 1054 351 cohorte
1082 311 1277 362 praetoria
1301 321 1464 348 manum
1485 310 1585 362 sugi-

237 381 402 418 tivorum
438 380 664 418 instructam
693 387 962 430 armatamque
990 379 1154 417 venisse.
1213 377 1345 416 Nemo
1377 377 1585 428 Agrigenti

237 459 363 497 neque
386 454 510 484 aetate
533 454 612 484 tarn
636 446 775 484 affecta
802 458 930 496 neque
951 445 1094 484 viribus
1124 452 1203 483 tam
1232 444 1394 485 infirmis
1415 445 1496 492 fuit,
1518 446 1584 496 qui

236 525 317 551 non
339 513 402 551 illa
428 520 545 552 nocte
567 525 615 551 eo
637 514 774 551 nuntio
796 513 984 550 excitatus
1005 512 1223 557 surrexerit,
1243 511 1454 564 telumque,
1476 511 1584 563 quod
1605 522 1646 545 20

236 580 375 630 cuique
406 579 484 619 sors
519 580 719 626 offerebat,
750 579 963 629 arripuerit.
1023 578 1162 629 Itaque
1191 578 1297 616 brevi
1326 585 1504 629 tempore
1534 578 1585 616 ad

236 646 369 684 sanum
384 659 430 684 ex
452 647 546 685 urbe
568 654 649 684 tota
665 646 915 684 concurritur.
974 644 1087 683 Hora
1103 644 1269 695 amplius
1289 645 1368 683 iam
1387 645 1427 683 in
1447 644 1585 683 demo-

235 713 366 751 liendo
407 714 520 761 signo
551 713 731 764 permulti
771 713 952 751 homines
982 712 1266 750 moliebantur:
1307 711 1399 750 illud
1437 711 1586 751 interea

235 780 339 818 nulla
369 780 522 817 lababat
552 792 599 817 ex
631 787 765 830 parte;
802 791 924 829 quum
953 778 1014 816 alii
1046 778 1220 816 vectibus
1251 777 1435 817 subiectis
1464 790 1584 817 cona-

235 855 365 884 rentur
395 858 657 890 commooere,
683 845 746 883 alii
777 845 988 895 deligatum
1019 845 1205 883 omnibus
1233 844 1420 883 membris
1449 856 1584 895 rapere
1605 859 1644 892 ²5

234 913 284 950 ad
306 925 347 950 se
377 913 544 950 funibus.
604 912 784 963 Repente
807 912 1055 962 Agrigentini
1077 917 1341 950 concurrunt:
1371 911 1414 949 fit
1439 923 1586 962 magna

234 979 447 1029 lapidatio:
493 979 587 1017 dant
618 991 704 1017 sese
744 979 782 1016 in
814 979 947 1028 sugam
977 978 1086 1016 istius
1115 977 1301 1028 praeclari
1340 978 1585 1029 imperatoris

233 1047 412 1085 nocturni
443 1046 593 1084 milites.
653 1045 744 1083 Duo
775 1053 906 1083 tamen
937 1045 1062 1095 sigilla
1090 1044 1319 1095 perparvula
1347 1044 1499 1092 tollunt,
1534 1056 1585 1083 ne

233 1114 396 1151 omnino
418 1113 553 1151 inanes
569 1113 619 1150 ad
635 1113 751 1150 istum
773 1112 1015 1162 praedonem
1037 1111 1270 1162 religionum
1290 1118 1584 1150 reverterentur.

234 1179 465 1230 Numquam
494 1187 573 1217 tam
594 1179 696 1216 male
727 1186 786 1216 est
808 1177 958 1223 Siculis,
982 1178 1076 1228 quin
1104 1177 1250 1229 aliquid
1271 1177 1395 1228 facete
1415 1185 1453 1216 et
1474 1189 1584 1216 corn-
1603 1190 1646 1222 30

233 1247 352 1285 mode
383 1246 536 1284 dicant:
577 1246 678 1284 velut
708 1246 746 1283 in
777 1245 849 1284 hac
879 1258 919 1283 re
950 1245 1117 1292 aiebant,
1147 1246 1186 1283 in
1216 1245 1371 1284 labores
1400 1244 1585 1285 Herculis

235 1325 314 1351 non
336 1313 465 1350 minus
491 1312 595 1350 hunc
624 1312 952 1350 immanissimum
979 1311 1156 1358 Verrem,
1176 1323 1297 1363 quam
1317 1311 1425 1350 illum
1445 1323 1585 1363 aprum

233 1377 532 1430 Erymanthium
554 1379 682 1416 referri
703 1386 894 1428 oportere.

293 1458 325 1482 2.
357 1444 476 1482 Hanc
506 1445 684 1482 virtutem
715 1444 1065 1493 Agrigentinorum
1105 1443 1240 1483 imitati
1280 1450 1371 1483 sunt
1408 1444 1586 1484 Assorini

235 1520 386 1563 postea,
409 1513 477 1550 viri
505 1512 624 1550 sortes
651 1519 690 1549 et
720 1511 867 1557 fideles,
889 1511 957 1550 sed
988 1523 1239 1562 nequaquam
1270 1524 1319 1551 ex
1346 1519 1427 1550 tam
1454 1512 1586 1564 ampla
1605 1527 1646 1560 35

235 1591 364 1629 neque
394 1585 473 1615 tam
503 1589 551 1615 ex
582 1578 702 1615 nobili
732 1577 895 1615 civitate.
955 1576 1126 1627 Chrysas
1156 1584 1215 1615 est
1243 1577 1382 1624 amnis,
1411 1578 1478 1628 qui
1517 1590 1588 1628 per

234 1645 516 1683 Assorinorum
548 1656 664 1693 agros
692 1643 796 1681 fluit:
827 1644 859 1682 is
886 1643 992 1693 apud
1019 1643 1106 1682 illos
1132 1643 1297 1682 habetur
1317 1644 1414 1682 deus
1434 1650 1474 1683 et
1499 1644 1586 1682 reli·

235 1711 353 1761 gione
384 1711 557 1748 maxima
595 1710 744 1748 colitur.
803 1709 956 1747 Fanum
995 1709 1078 1747 eius
1117 1716 1176 1748 est
1213 1710 1254 1747 in
1293 1721 1388 1760 agro
1427 1716 1588 1762 propter
1641 1699 1649 1706 ⁸

236 1779 364 1829 ipsam
393 1778 507 1824 viam,
529 1790 607 1828 qua
636 1778 787 1815 Assoro
816 1777 890 1814 itur
921 1776 1121 1814 Hennam.
1180 1776 1228 1814 In
1258 1789 1307 1816 eo
1328 1776 1502 1828 Chrysae
1528 1783 1588 1816 est

236 1845 497 1890 simulacrum,
526 1844 721 1894 praeclare
751 1843 897 1882 sactum
928 1856 949 1881 e
978 1855 1186 1882 marmore.
1244 1843 1292 1882 Id
1321 1844 1392 1882 iste
1422 1856 1587 1895 poscere
1605 1861 1649 1893 40

237 1912 451 1950 Assorinos
471 1919 631 1961 propter
651 1911 887 1960 singularem
911 1910 993 1948 eius
1014 1909 1094 1948 sani
1113 1909 1345 1960 religionem
1364 1922 1448 1949 non
1467 1923 1588 1950 ausus

237 1987 317 2017 est:
347 1978 582 2028 Tlepolemo
605 1978 670 2016 dat
700 1977 946 2027 Hieronique
975 1977 1190 2027 negotium.
1248 1976 1310 2015 Illi
1338 1984 1458 2016 noctu
1486 1977 1589 2017 facta

236 2057 357 2082 manu
397 2052 622 2095 armataque
660 2043 844 2081 veniunt:
885 2043 989 2081 fores
1027 2043 1136 2081 aedis
1170 2042 1403 2093 effringunt:
1442 2043 1588 2082 aeditui

238 2111 502 2162 custodesque
522 2118 672 2149 mature
694 2111 885 2149 sentiunt:
917 2110 1085 2161 signum,
1106 2110 1215 2161 quod
1235 2117 1318 2148 erat
1337 2116 1476 2148 notum
1495 2110 1588 2149 vici-

238 2178 360 2225 nitati,
379 2178 548 2216 buccina
575 2177 707 2215 datur:
738 2177 922 2215 homines
949 2189 999 2215 ex
1025 2176 1128 2226 agris
1148 2182 1411 2214 concurrunt:
1440 2176 1588 2215 eiicitur
1605 2189 1648 2224 45

239 2245 473 2294 fugaturque
494 2243 774 2293 Tlepolemus:
805 2255 934 2293 neque
965 2242 1180 2293 quidquam
1210 2253 1259 2280 ex
1289 2241 1384 2280 fano
1413 2241 1588 2293 Chrysae

239 2318 391 2362 praeter
410 2322 533 2348 unum
555 2309 830 2360 perparvulum
851 2310 1007 2358 signum
1028 2320 1077 2346 ex
1097 2319 1186 2346 aere
1202 2307 1469 2346 desideratum
1489 2315 1559 2347 est.

298 2390 332 2426 3.
363 2376 503 2414 Matris
536 2388 704 2425 magnae
743 2375 879 2413 fanum
909 2374 1015 2424 apud
1052 2374 1260 2424 Enguinos
1297 2380 1368 2412 est.
1426 2373 1475 2412 In
1512 2373 1591 2414 hoc

243 2443 336 2481 sano
374 2442 513 2480 loricas
556 2442 765 2492 galeasque
805 2453 959 2486 aeneas,
999 2439 1167 2478 caelatas
1212 2451 1332 2490 opere
1370 2438 1590 2489 Corinthio,
