1747 2620
198 103 226 138 1.
436 92 611 135 ROME'S
641 101 769 134 RULE
803 101 862 134 oF
892 99 989 133 ΗΕΒ
1023 100 1310 133 PROVINCES.
1481 101 1562 145 217

198 204 374 252 debetur,
396 211 598 256 praeterea
618 216 692 243 nos
712 204 774 243 isti
795 203 1004 243 hominum
1031 202 1166 255 generi
1188 203 1400 254 praecipue
1422 202 1566 242 debere

197 273 387 321 videmur,
417 280 470 321 ut,
512 285 684 324 quorum
725 273 948 325 praeceptis
990 272 1113 311 simus
1155 272 1308 319 eruditi,
1350 271 1457 323 apud
1497 284 1567 311 eos

112 351 177 387 3²5
196 341 306 392 ipsos
327 340 436 392 quod
456 341 507 379 ab
527 340 574 379 iis
596 340 850 379 didicerimus
870 339 1035 378 velimus
1057 351 1305 390 expromere.

258 421 318 447 10.
350 408 482 459 Atque
510 408 572 447 ille
594 407 756 459 quidem
783 407 969 459 princeps
989 407 1138 458 ingenii
1167 413 1205 445 et
1226 406 1430 446 doctrinae
1451 407 1566 446 Plato

195 481 281 514 tum
302 475 474 527 denique
501 475 585 514 fore
610 476 746 514 beatas
773 487 836 514 res
856 475 1034 526 publicas
1063 474 1224 525 putavit,
1247 476 1279 514 si
1306 482 1373 514 aut
1401 475 1509 514 docti
1529 482 1567 514 et

197 543 397 594 sapientes
427 542 611 582 homines
640 555 708 582 eas
736 555 872 594 regere
900 543 1138 593 coepissent,
1161 549 1228 581 aut
1248 542 1273 581 ii
1295 543 1362 593 qui
1383 549 1567 594 regerent

196 623 318 649 omne
348 623 464 649 suum
495 610 669 650 studium
698 611 740 649 in
772 610 954 650 doctrina
984 617 1023 649 et
1064 610 1259 661 sapientia
1290 610 1564 651 collocassent.

112 688 179 724 330
197 677 319 718 Hanc
347 680 671 718 coniunctionem
699 679 879 718 videlicet
909 679 1117 730 potestatis
1145 685 1184 717 et
1213 679 1430 730 sapientiae
1453 679 1567 718 saluti

138 751 141 752 ’
197 747 350 787 censuit
388 747 607 786 civitatibus
648 760 735 786 esse
777 759 909 798 posse.
983 746 1106 795 Quod
1146 746 1312 786 fortasse
1353 748 1566 800 aliquando

194 815 401 854 universae
431 814 486 854 rei
524 814 705 866 publicae
738 821 910 861 nostrae,
943 827 1050 854 nunc
1093 814 1255 866 quidem
1286 815 1468 866 profecto
1505 816 1566 854 isti

196 882 422 933 provinciae
450 882 627 933 contigit,
649 889 690 921 ut
711 882 744 922 is
772 883 812 920 in
832 894 880 921 ea
904 894 1103 921 summam
1132 889 1371 933 potestatem
1392 882 1566 930 haberet,

197 951 260 991 cui
286 950 327 989 in
358 950 550 998 doctrina,
573 951 634 989 cui
658 951 700 989 in
720 951 858 990 virtute
888 958 1005 1001 atque
1037 950 1281 989 humanitate
1310 952 1568 1002 percipienda

111 1037 177 1072 335
196 1018 410 1069 plurimum
431 1031 454 1057 a
480 1019 646 1069 pueritia
674 1018 790 1057 studii
811 1017 948 1057 fuisset
975 1025 1013 1057 et
1041 1019 1243 1069 temporis.
1305 1017 1440 1066 Quare
1462 1032 1566 1067 cura,

196 1093 239 1126 ut
258 1086 322 1125 hic
343 1098 483 1134 annus,
505 1087 572 1137 qui
593 1086 644 1125 ad
665 1086 843 1125 laborem
864 1093 976 1124 tuum
997 1087 1175 1132 accessit,
1200 1086 1307 1125 idem
1327 1086 1378 1125 ad
1400 1087 1566 1126 salutem

197 1154 317 1192 Asiae
347 1161 586 1204 prorogatus
615 1165 703 1192 esse
729 1154 917 1192 videatur.
980 1153 1185 1201 Quoniam
1215 1154 1256 1192 in
1287 1161 1326 1193 te
1356 1155 1567 1194 retinendo

197 1221 269 1260 fuit
288 1221 386 1260 Asia
410 1220 562 1260 felicior
582 1233 704 1272 quam
732 1233 807 1261 nos
837 1222 876 1260 in
904 1221 1154 1269 deducendo,
1177 1221 1324 1272 perfice
1353 1228 1395 1260 ut
1422 1222 1568 1261 laetitia

198 1288 424 1341 provinciae
445 1288 683 1328 desiderium
713 1296 895 1327 nostrum
922 1288 1100 1328 leniatur.
1159 1288 1333 1336 Etenim,
1357 1289 1389 1328 si
1410 1290 1450 1327 in
1472 1302 1566 1342 pro-

112 1370 177 1404 340
196 1356 389 1396 merendo
416 1362 459 1395 ut
486 1357 555 1395 tibi
585 1357 682 1395 tanti
708 1356 882 1396 honores
911 1356 1160 1403 haberentur,
1184 1357 1321 1407 quanti
1351 1356 1457 1396 haud
1483 1358 1567 1398 scio

197 1437 249 1463 an
279 1424 441 1472 nemini,
463 1423 566 1463 fuisti
587 1424 768 1463 omnium
796 1424 1131 1474 diligentissimus,
1155 1424 1280 1463 multo
1307 1425 1502 1464 maiorem
1527 1426 1567 1464 in

196 1491 258 1531 his
277 1491 495 1531 honoribus
516 1491 672 1530 tuendis
693 1491 879 1530 adhibere
903 1491 1148 1542 diligentiam
1167 1492 1303 1531 debes.
1366 1492 1566 1544 Equidem

198 1559 248 1598 de
278 1560 354 1599 isto
388 1572 535 1610 genere
565 1559 763 1598 honorum
794 1559 890 1610 quid
922 1559 1109 1598 sentirem
1142 1559 1280 1611 scripsi
1311 1560 1363 1599 ad
1393 1567 1431 1599 te
1463 1568 1566 1600 ante.

199 1626 366 1678 Semper
386 1639 456 1666 eos
476 1627 619 1678 putavi,
638 1628 670 1666 si
690 1627 869 1677 vulgares
891 1635 1033 1674 essent,
1051 1626 1159 1674 viles,
1180 1628 1212 1666 si
1234 1628 1426 1678 temporis
1447 1640 1569 1667 causa

109 1705 170 1741 345
198 1695 540 1741 constituerentur,
556 1694 685 1733 leves:
714 1695 746 1733 si
767 1706 872 1741 vero,
896 1694 934 1732 id
955 1694 1066 1745 quod
1086 1695 1140 1733 ita
1163 1694 1312 1734 factum
1330 1704 1400 1743 est,
1419 1697 1567 1735 meritis

134 1796 138 1800 .
198 1763 273 1802 tuis
303 1762 576 1810 tribuerentur,
598 1762 874 1800 existimabam
905 1761 1071 1800 multam
1097 1762 1166 1800 tibi
1198 1763 1238 1801 in
1270 1763 1315 1801 iis
1346 1762 1565 1802 honoribus

197 1829 353 1870 tuendis
383 1842 548 1882 operam
587 1842 673 1869 esse
713 1829 958 1881 ponendam.
1019 1828 1154 1877 Quare
1192 1830 1384 1881 quoniam
1415 1832 1455 1869 in
1485 1831 1568 1870 istis

198 1898 359 1937 urbibus
389 1910 480 1936 cum
511 1909 670 1936 summo
691 1897 858 1948 imperio
880 1904 918 1936 et
946 1903 1140 1948 potestate
1162 1899 1339 1945 versaris,
1362 1899 1402 1937 in
1425 1899 1568 1950 quibus

198 1973 287 2004 tuas
315 1965 474 2004 virtutes
514 1973 764 2004 consecratas
796 1972 834 2003 et
874 1966 915 2003 in
945 1965 1111 2004 deorum
1153 1978 1320 2005 numero
1353 1967 1567 2006 collocatas

115 2050 180 2085 350
198 2033 318 2081 vides,
339 2033 381 2071 in
411 2033 596 2072 omnibus
627 2033 756 2079 rebus,
788 2045 886 2084 quas
918 2040 1076 2080 statues,
1110 2045 1208 2084 quas
1241 2034 1444 2082 decernes,
1468 2048 1566 2086 quas

199 2113 308 2152 ages,
328 2100 424 2152 quid
450 2101 568 2139 tantis
595 2100 803 2139 hominum
831 2101 1099 2152 opinionibus,
1121 2102 1237 2140 tantis
1266 2102 1314 2141 de
1343 2110 1380 2142 te
1402 2103 1566 2151 iudiciis,

198 2169 315 2209 tantis
342 2168 560 2208 honoribus
583 2169 728 2208 debeas
757 2169 960 2219 cogitabis.
1022 2168 1069 2207 Id
1103 2176 1236 2207 autem
1263 2170 1333 2208 erit
1355 2171 1565 2218 eiusmodi,

198 2243 242 2276 ut
280 2237 463 2276 consulas
503 2237 702 2282 omnibus,
733 2243 774 2274 ut
815 2236 998 2275 medeare
1040 2237 1308 2276 incommodis
1344 2237 1565 2285 hominum,

201 2305 407 2357 provideas
428 2304 552 2352 saluti,
574 2311 615 2343 ut
636 2311 673 2343 te
694 2312 898 2355 parentem
921 2304 1043 2342 Asiae
1064 2312 1102 2342 et
1125 2304 1200 2343 dici
1222 2313 1259 2344 et
1280 2305 1415 2344 haberi
1441 2307 1546 2344 velis.

118 2384 178 2418 355
261 2386 321 2412 11.
352 2373 483 2424 Atque
508 2372 598 2411 huic
629 2379 718 2411 tuae
746 2372 934 2411 voluntati
963 2384 1008 2410 ac
1037 2371 1262 2422 diligentiae
1295 2373 1563 2412 difficultatem

200 2452 389 2492 magnam
410 2440 590 2480 adferunt
611 2439 832 2492 publicani:
865 2441 1007 2492 quibus
1036 2441 1066 2478 si
1096 2441 1360 2489 adversamur,
1383 2442 1563 2480 ordinem
