1747 2620
151 65 194 98 11.
222 72 275 106 11,
303 71 354 94 12.
408 49 586 91 ROME'S
618 54 747 87 RULE
781 52 839 84 oF
870 51 966 83 ΗΕΒ
999 47 1285 81 PROVINCES.
1432 48 1514 91 259

151 166 284 213 serint,
314 163 381 202 ubi
421 162 568 213 piratae
610 159 688 197 fere
719 154 933 208 quotannis
973 152 1147 191 hiemare
1189 149 1364 188 soleant:
1406 148 1515 198 quod

151 244 283 283 neque
313 229 462 282 praedo
492 226 692 266 violaverit
722 230 837 262 antea
867 233 996 272 neque
1028 218 1153 257 hostis
1183 216 1365 267 attigerit,
1396 215 1435 253 id
1467 215 1515 253 ab

89 313 133 344 30
152 312 232 339 uno
254 299 328 338 isto
350 298 406 337 sic
427 295 638 348 spoliatum
659 305 757 339 esse,
781 298 822 329 ut
843 289 937 328 nihil
959 286 1124 326 omnino
1145 285 1192 324 sit
1213 284 1404 323 relictum.

511 460 573 495 12.
616 453 747 493 Verres
767 449 965 500 compared
980 452 1014 486 lo
1034 447 1162 485 Pluto.

214 581 247 608 1.
277 567 403 606 Vetus
435 570 493 604 est
523 563 621 601 haee
651 561 801 612 opinio,
832 558 993 604 iudices,
1023 568 1124 607 quae
1155 559 1311 594 constat
1341 565 1389 592 ex
1420 552 1518 591 anti-

153 637 353 691 quissimis
385 634 630 674 Graecorum
660 629 793 668 litteris
834 640 879 666 ac
910 624 1192 670 monumentis,
1223 621 1393 661 insulam
1424 620 1519 659 Sici-

152 706 245 744 liam
267 711 390 743 totam
411 713 499 740 esse
522 698 654 738 Cereri
686 703 723 735 et
745 695 912 734 Liberae
935 698 1221 732 consecratam.
1282 689 1376 728 Hoc
1397 701 1518 739 quum

153 780 305 812 ceterae
335 776 474 821 gentes
505 767 561 806 sic
591 765 836 810 arbitrantur,
868 769 952 801 tum
982 760 1077 811 ipsis
1110 758 1249 798 Siculis
1280 758 1333 796 ita
1362 768 1521 808 persua-

114 850 131 882 5
154 853 242 880 sum
264 845 334 886 est,
355 843 399 876 ut
428 835 568 874 animis
590 844 727 872 eorum
758 830 920 870 insitum
951 836 1068 879 atque
1098 828 1278 865 innatum
1309 837 1396 863 esse
1417 823 1521 862 vide-

154 915 249 947 atur.
308 905 414 945 Nam
436 910 475 941 et
495 908 608 940 natas
630 912 715 939 esse
735 898 807 937 has
829 898 868 936 in
890 897 949 935 his
970 896 1067 934 locis
1089 895 1184 933 deas
1205 900 1243 932 et
1263 892 1395 943 fruges
1415 892 1455 929 in
1475 904 1522 929 ea

153 983 255 1014 terra
284 973 455 1024 primum
486 975 659 1020 repertas
689 967 932 1011 arbitrantur,
955 970 992 1002 et
1021 969 1176 1013 raptam
1206 973 1294 999 esse
1325 959 1521 1006 Liberam,

156 1055 276 1096 quam
297 1040 481 1080 eamdem
496 1036 776 1087 Proserpinam
791 1039 945 1079 vocant,
961 1044 1009 1070 ex
1031 1029 1315 1069 Hennensium
1336 1040 1522 1066 nemore:

157 1111 223 1163 qui
252 1110 374 1155 locus,
398 1106 507 1158 quod
534 1106 573 1143 in
603 1103 735 1142 media
765 1108 824 1140 est
851 1099 980 1139 insula
1010 1099 1117 1145 situs,
1139 1096 1347 1135 umbilicus
1371 1095 1524 1134 Siciliae

98 1192 137 1215 10
157 1178 404 1218 nominatur:
455 1185 575 1225 quam
616 1182 740 1222 quum
780 1169 1014 1218 investigare
1056 1173 1094 1204 et
1135 1164 1367 1215 conquirere
1404 1162 1525 1202 Ceres

157 1245 280 1292 vellet,
303 1243 443 1283 dicitur
472 1240 742 1279 inflammasse
774 1236 910 1275 taedas
942 1235 987 1273 iis
1017 1234 1187 1284 ignibus,
1211 1233 1277 1283 qui
1299 1244 1347 1270 ex
1370 1231 1524 1269 Aetnae

156 1313 298 1352 vertice
328 1314 561 1360 erumpunt:
604 1318 702 1358 quas
738 1305 809 1343 sibi
841 1315 965 1354 quum
1006 1302 1091 1352 ipsa
1131 1299 1354 1351 praeferret,
1387 1299 1526 1338 orbem

90 1427 97 1435 ς
157 1382 338 1421 omnium
368 1387 600 1429 peragrasse
631 1381 832 1412 terrarum.
893 1369 1043 1408 Henna
1073 1376 1216 1414 autem,
1248 1367 1314 1405 ubi
1346 1379 1404 1414 ea,
1426 1379 1527 1417 quae

159 1450 261 1495 dico,
283 1452 396 1498 gesta
416 1456 502 1483 esse
524 1448 807 1486 memorantur,
831 1445 890 1477 est
910 1437 1002 1476 loco
1024 1435 1229 1487 praecelso
1253 1441 1370 1486 atque
1393 1433 1499 1472 edito
1519 1448 1525 1471 :

100 1533 136 1566 15
159 1528 240 1568 quo
261 1515 301 1553 in
323 1524 481 1552 summo
503 1516 562 1549 est
593 1514 761 1559 aequata
781 1506 864 1557 agri
885 1504 1068 1556 planities
1101 1510 1138 1542 et
1160 1515 1286 1554 aquae
1307 1513 1526 1553 perennes;

160 1591 243 1623 tota
281 1593 373 1620 vero
419 1580 469 1618 ab
511 1577 619 1617 omni
664 1575 771 1613 aditu
819 1572 1051 1612 circumcisa
1098 1577 1215 1621 atque
1262 1569 1411 1607 directa
1458 1576 1528 1607 est.

161 1651 295 1700 Quam
325 1649 429 1687 circa
458 1647 566 1684 lacus
596 1644 751 1694 lucique
784 1647 874 1680 sunt
905 1639 1060 1690 plurimi
1101 1645 1139 1676 et
1178 1637 1380 1675 laetissimi
1411 1636 1529 1675 flores

161 1718 271 1758 omni
309 1723 488 1765 tempore
528 1711 643 1751 anni:
693 1710 804 1748 locus
834 1715 875 1746 ut
905 1708 989 1758 ipse
1030 1712 1186 1756 raptum
1218 1705 1326 1743 illum
1357 1704 1528 1755 virginis,

161 1797 280 1838 quem
311 1784 389 1822 iam
419 1795 443 1821 a
472 1780 604 1832 pueris
635 1777 873 1828 accepimus,
897 1774 1094 1813 declarare
1125 1773 1311 1811 videatur.
1371 1771 1530 1809 Etenim

101 1868 142 1891 20
162 1865 286 1905 prope
307 1857 366 1890 est
387 1849 576 1901 spelunca
597 1845 807 1897 quaedam,
830 1854 1023 1882 conversa
1043 1841 1094 1879 ad
1115 1840 1355 1891 aquilonem,
1377 1839 1529 1876 infinita

162 1919 376 1965 altitudine,
400 1930 479 1969 qua
510 1915 644 1954 Ditem
674 1919 826 1964 patrem
849 1914 976 1950 ferunt
1002 1915 1164 1960 repente
1196 1920 1287 1946 cum
1319 1919 1433 1945 curru
1463 1919 1531 1944 ex-

163 1988 316 2034 stitisse,
340 1987 624 2036 abreptamque
645 1995 694 2020 ex
716 1993 764 2019 eo
785 1980 876 2019 loco
910 1978 1100 2028 virginem
1129 1988 1264 2015 secum
1294 1982 1529 2026 asportasse,

164 2062 203 2094 et
223 2055 353 2093 subito
374 2065 456 2091 non
477 2052 596 2101 longe
618 2063 640 2088 a
663 2048 865 2099 Syracusis
886 2052 1114 2097 penetrasse
1135 2044 1208 2082 sub
1229 2049 1363 2088 terras,
1386 2042 1531 2079 lacum-

166 2135 242 2175 que
263 2122 304 2160 in
331 2133 380 2160 eo
406 2119 497 2158 loco
518 2124 681 2169 repente
703 2116 918 2154 exstitisse:
963 2113 1030 2151 ubi
1057 2123 1184 2162 usque
1206 2110 1256 2148 ad
1276 2110 1354 2148 hoc
1376 2116 1532 2159 tempus

105 2201 144 2236 25
168 2188 403 2241 Syracusani
426 2187 546 2226 festos
568 2185 651 2224 dies
683 2182 970 2222 anniversarios
1002 2186 1124 2231 agunt
1156 2177 1412 2217 celeberrimo
1434 2177 1531 2213 viro—

167 2270 253 2297 rum
273 2256 560 2304 mulierumque
577 2258 786 2292 conventu.

228 2337 262 2362 2.
293 2323 457 2373 Propter
478 2321 592 2359 huius
614 2318 814 2370 opinionis
837 2322 1081 2361 vetustatem,
1104 2313 1212 2364 quod
1234 2325 1371 2351 eorum
1405 2312 1442 2348 in
1474 2310 1534 2347 liis

169 2391 268 2432 locis
289 2390 453 2440 vestigia
483 2401 528 2427 ac
560 2399 684 2439 prope
713 2384 952 2424 incunabula
975 2382 1217 2434 reperiuntur
1240 2380 1417 2424 deorum,
1439 2379 1535 2415 mira
