1747 2620
573 510 1006 561 SECTION
1080 511 1142 559 V.

265 696 502 741 ROME’S
547 698 726 741 RULE
771 697 854 740 OF
900 697 1039 740 HER
1084 694 1465 739 PROVINCES.

336 851 365 884 1.
428 851 500 884 AN
533 851 691 884 IDEAL
722 850 786 885 OF
819 853 852 885 A
886 850 1070 885 ROMAN
1105 850 1392 885 GOVERNOR,

187 1021 350 1063 Cicero’s
365 1022 491 1061 Letter
505 1027 539 1061 lo
555 1022 616 1060 his
632 1020 779 1060 brother
800 1020 964 1069 Quintus
977 1034 1023 1060 on
1036 1021 1096 1060 his
1108 1021 1225 1059 dulz'es
1237 1034 1282 1059 as
1298 1019 1548 1070 Pro-praetor

782 1119 832 1170 of
841 1118 952 1158 Asia.

580 1269 787 1303 MARCUS
819 1269 863 1311 Q.
899 1253 1090 1302 FRATRI
1124 1267 1160 1300 S.

247 1392 280 1419 1.
310 1377 408 1419 Em
437 1390 519 1419 non
548 1379 778 1418 dubitabam
799 1378 895 1430 quin
922 1377 1024 1416 hanc
1050 1375 1258 1427 epistolam
1280 1373 1391 1413 multi
1413 1374 1550 1420 nuntii,

187 1447 294 1486 fama
314 1446 485 1497 denique
505 1453 610 1486 esset
630 1447 716 1497 ipsa
742 1458 813 1485 sua
834 1445 1030 1485 celeritate
1056 1450 1297 1495 superatura,
1319 1449 1440 1493 tuque
1462 1448 1552 1480 ante

188 1515 239 1553 ab
269 1514 353 1554 aliis
380 1514 581 1552 auditurus
609 1525 717 1552 esses
748 1524 897 1551 annum
922 1513 1078 1550 tertium
1108 1510 1325 1550 accessisse
1357 1508 1552 1548 desiderio

188 1588 325 1621 nostro
360 1587 398 1620 et
431 1580 556 1619 labori
592 1587 671 1627 tuo,
703 1587 835 1618 tamen
871 1578 1090 1618 existimavi
1124 1591 1149 1617 a
1187 1590 1252 1616 me
1288 1590 1448 1629 quoque
1484 1578 1554 1615 tibi

150 1670 169 1702 5
188 1649 304 1688 huius
317 1648 520 1687 molestiae
538 1648 720 1686 nuntium
736 1646 897 1698 perferri
915 1654 1111 1696 oportere.
1163 1644 1270 1683 Nam
1287 1645 1554 1695 superioribus

187 1716 322 1755 litteris
349 1727 431 1754 non
459 1715 559 1762 unis,
582 1714 652 1753 sed
680 1714 868 1765 pluribus,
891 1726 1014 1764 quum
1046 1714 1123 1751 iam
1152 1713 1201 1751 ab
1232 1712 1316 1751 aliis
1348 1712 1555 1763 desperata

188 1795 249 1822 res
284 1789 399 1829 esset,
431 1788 564 1820 tamen
598 1782 666 1819 tibi
702 1792 778 1831 ego
815 1793 926 1831 spem
958 1786 1136 1818 maturae
1168 1779 1412 1818 decessionis
1448 1778 1555 1817 adfe-

187 1851 336 1896 rebam,
358 1861 441 1887 non
472 1848 600 1887 solum
631 1855 674 1886 ut
698 1860 819 1898 quam
852 1847 1069 1885 diutissime
1099 1853 1136 1885 te
1167 1846 1340 1884 iucunda
1367 1846 1555 1896 opinione

187 1916 440 1962 oblectarem,
461 1915 532 1954 sed
560 1915 676 1954 etiam
700 1915 793 1964 quia
813 1920 921 1952 tanta
948 1913 1208 1952 adhibebatur
1229 1919 1266 1951 et
1294 1925 1316 1951 a
1337 1913 1453 1951 nobis
1475 1920 1512 1950 et
1535 1926 1556 1950 a

132 2003 170 2027 10
188 1983 436 2035 praetoribus
464 1982 681 2029 contentio,
704 1988 747 2020 ut
774 1993 857 2020 rem
888 1993 1008 2032 posse
1037 1980 1181 2019 confici
1212 1991 1294 2017 non
1326 1979 1554 2018 diffiderem.

190 2050 310 2090 Nunc
339 2050 528 2101 quoniam
558 2049 612 2088 ita
642 2048 794 2094 accidit,
825 2055 866 2086 ut
897 2059 1028 2099 neque
1065 2054 1268 2098 praetores
1303 2047 1382 2084 suis
1414 2047 1556 2097 opibus

190 2131 319 2169 neque
349 2129 424 2157 nos
455 2124 591 2156 nostro
621 2115 752 2155 studio
783 2115 999 2166 quidquam
1032 2115 1224 2165 proficere
1256 2126 1475 2164 possemus,
1498 2123 1556 2153 est

189 2186 355 2226 omnino
377 2185 531 2224 difficile
553 2196 636 2223 non
658 2183 824 2233 graviter
845 2183 884 2221 id
906 2182 1016 2229 serre,
1040 2182 1110 2221 sed
1131 2189 1264 2221 tamen
1292 2190 1451 2221 nostros
1473 2183 1555 2220 ani-

190 2266 279 2293 mos
299 2253 482 2292 maximis
510 2253 548 2290 in
577 2252 694 2290 rebus
723 2261 760 2289 et
788 2250 972 2300 gerendis
993 2258 1031 2289 et
1060 2248 1299 2288 sustinendis
1320 2250 1556 2288 exercitatos

133 2336 169 2369 15
190 2320 318 2372 frangi
351 2329 390 2359 et
426 2319 616 2359 debilitari
652 2318 833 2357 molestia
868 2329 950 2355 non
981 2323 1146 2368 oportet.
1208 2316 1258 2354 Et
1289 2317 1476 2366 quoniam
1509 2329 1555 2355 ea

191 2388 467 2429 molestissime
488 2387 586 2426 serre
607 2386 790 2425 homines
813 2385 970 2431 debent,
993 2397 1095 2436 quae
1122 2384 1299 2435 ipsorum
1322 2383 1438 2434 culpa
1459 2396 1554 2423 con-

838 2461 906 2496 Q2
