1747 2620
184 97 226 131 11.
258 105 291 136 3.
428 84 612 128 ROME'S
643 94 770 126 RULE
806 95 865 125 OF
897 94 994 126 ΗΕΒ
1030 94 1319 126 PROVINCES.
1474 97 1553 141 231

178 201 309 240 solum
330 201 371 239 in
393 201 489 239 orbe
506 207 710 247 terrarum,
728 198 835 237 unde
854 199 948 237 nihil
967 198 1164 237 eiusmodi
1181 210 1313 237 rerum
1331 198 1380 237 de
1397 198 1559 250 publico

112 279 154 322 65
177 282 248 321 per
267 269 359 317 vim,
380 268 478 307 nihil
505 267 672 314 occulte,
695 267 791 305 nihil
819 267 999 318 imperio,
1023 266 1120 304 nihil
1147 267 1284 317 gratia,
1308 266 1403 305 nihil
1432 267 1560 318 pretio

180 344 314 390 posset
336 336 501 376 auferre.
544 335 834 374 Verumtamen
855 335 975 374 hasce
992 335 1077 374 eius
1098 335 1335 386 cupiditates
1357 348 1560 386 exponam

177 407 254 446 alio
284 405 400 445 loco:
442 416 551 444 nunc
586 404 638 442 ad
670 403 880 442 Sthenium
913 409 1095 441 revertar.
1156 403 1298 454 Itaque
1339 403 1411 442 iste
1442 403 1560 441 vehe-

178 480 333 513 menter
362 473 528 512 Sthenio
556 471 734 510 infensus
762 471 981 522 hospitium
1009 472 1045 510 ei
1073 471 1298 510 renuntiat:
1331 471 1454 510 domo
1477 471 1561 509 eius

178 542 346 593 emigrat
384 549 504 593 atque
545 541 647 579 adeo
677 541 778 578 exit:
821 552 914 578 nam
955 539 1034 577 iam
1066 546 1157 577 ante
1198 540 1395 590 migrarat.
1455 538 1562 577 Eum

117 618 160 656 70
179 616 313 649 autem
343 609 605 648 inimicissimi
637 607 789 647 Sthenii
821 608 986 646 domum
1016 620 1129 646 suam
1158 609 1290 646 statim
1319 608 1496 655 invitant,
1519 615 1561 646 ut

179 680 359 718 animum
390 678 474 716 eius
502 678 542 716 in
571 676 779 716 Sthenium
806 676 1099 714 inflammarent
1127 676 1384 715 ementiendo
1413 676 1561 727 aliquid

180 755 218 786 et
249 745 511 786 criminando.
571 744 629 784 Hi
659 751 793 784 autem
833 751 945 783 erant
983 743 1131 782 inimici
1163 744 1405 795 Agathinus,
1437 743 1561 782 homo

180 815 336 862 nobilis,
354 821 394 854 et
412 813 656 861 Dorotheus,
674 813 743 865 qui
764 813 936 852 habebat
952 812 993 852 in
1009 812 1266 851 matrimonio
1284 811 1559 860 Callidamam,

181 882 372 935 Agathini
392 883 477 923 eius
499 882 632 921 filiam.

118 959 161 996 75
239 964 277 1001 4.
307 951 449 1004 Itaque
476 951 623 990 hortari
651 950 835 990 homines
857 950 1001 1001 coepit,
1023 957 1067 989 ut
1094 949 1243 1001 aliquid
1273 949 1437 989 Sthenio
1459 951 1561 1002 peri-

182 1020 258 1061 culi
281 1027 460 1059 crearent
482 1019 738 1070 criminisque
760 1019 1048 1070 confingerent.
1108 1018 1308 1058 Dicebant
1329 1031 1370 1058 se
1393 1019 1445 1058 illi
1467 1018 1562 1057 nihil

181 1088 341 1135 habere,
363 1088 474 1140 quod
495 1088 682 1126 dicerent.
742 1086 852 1125 Tum
872 1088 945 1125 iste
973 1087 1034 1125 his
1055 1094 1190 1138 aperte
1212 1087 1386 1126 ostendit
1407 1095 1445 1126 et
1467 1099 1562 1126 con-

183 1156 363 1200 firmavit,
385 1168 456 1195 eos
487 1156 528 1194 in
561 1155 782 1202 Sthenium,
805 1155 1002 1206 quidquid
1032 1154 1188 1202 vellent,
1212 1155 1329 1193 simul
1361 1162 1480 1206 atque
1512 1156 1562 1194 ad

182 1236 225 1263 se
247 1223 490 1271 detulissent,
512 1225 762 1275 probaturos.
824 1223 886 1261 Ita
913 1222 1070 1261 illinon
1098 1224 1414 1273 procrastinant:
1448 1222 1562 1262 Sthe-

118 1294 162 1327 8ο
182 1292 295 1330 nium
322 1292 455 1332 statim
483 1292 681 1331 educunt:
713 1291 824 1330 aiunt
851 1291 903 1330 ab
923 1302 972 1329 eo
993 1290 1141 1330 litteras
1162 1292 1342 1342 publicas
1364 1304 1452 1331 esse
1475 1304 1563 1332 cor-

179 1367 327 1412 ruptas.
380 1359 568 1399 Sthenius
590 1359 775 1411 postulat,
793 1366 836 1398 ut
857 1371 982 1411 quum
1003 1371 1142 1398 secum
1161 1359 1221 1398 sui
1244 1360 1348 1398 cives
1370 1368 1491 1412 agant
1514 1361 1563 1401 de

179 1430 314 1469 litteris
335 1429 504 1481 publicis
525 1430 733 1479 corruptis,
755 1428 920 1479 eiusque
947 1428 1004 1466 rei
1025 1428 1178 1478 legibus
1208 1427 1562 1469 Thermitanorum

181 1497 285 1553 actio
316 1498 388 1546 sit;
419 1510 543 1549 quum
571 1504 732 1537 senatus
757 1496 1011 1548 populusque
1041 1496 1251 1535 Romanus
1279 1496 1562 1546 Thermitanis,

182 1565 292 1617 quod
323 1577 481 1616 semper
511 1565 552 1603 in
582 1565 756 1603 amicitia
786 1564 945 1615 fideque
976 1564 1231 1612 mansissent,
1253 1565 1405 1612 urbem,
1429 1579 1561 1618 agros,

121 1635 163 1675 85
183 1633 373 1684 legesque
395 1645 488 1672 suas
509 1632 770 1680 reddidisset;
802 1631 1047 1682 Publiusque
1071 1631 1256 1683 Rupilius
1284 1640 1426 1684 postea
1453 1634 1562 1687 leges

182 1702 237 1740 ita
262 1701 404 1740 Siculis
431 1713 480 1740 ex
510 1701 855 1740 senatusconsulto
885 1701 934 1739 de
957 1701 1097 1740 decem
1119 1700 1345 1751 legatorum
1367 1706 1563 1743 sententia

183 1769 368 1817 dedisset,
401 1776 444 1808 ut
474 1770 578 1809 cives
608 1770 708 1808 inter
740 1782 828 1809 sese
858 1769 1014 1820 legibus
1045 1769 1125 1808 suis
1157 1777 1343 1821 agerent;
1376 1771 1563 1825 idemque

183 1837 261 1877 hoc
281 1837 444 1877 haberet
464 1837 610 1877 Verres
635 1838 719 1889 ipse
741 1838 783 1876 in
804 1838 935 1877 edicto
955 1851 966 1886 3
997 1845 1039 1877 ut
1067 1838 1117 1876 de
1143 1837 1205 1877 his
1227 1839 1412 1878 omnibus
1434 1841 1563 1879 causis

185 1918 228 1946 Se
249 1907 300 1946 ad
321 1907 431 1958 leges
452 1907 641 1946 reiiceret.
692 1906 789 1955 Iste,
812 1906 935 1945 homo
953 1906 1136 1946 omnium
1157 1907 1422 1959 aequissimus
1444 1917 1564 1960 atque

123 1988 209 2024 90a
249 1975 465 2027 cupiditate
495 1975 795 2019 remotissimus,
832 1987 874 2014 se
914 1975 1169 2026 cogniturum
1211 1987 1298 2014 esse
1329 1976 1561 2016 confirmat:

186 2049 370 2094 paratum
390 2043 442 2082 ad
463 2056 625 2081 causam
645 2042 858 2081 dicendam
880 2043 1013 2081 venire
1034 2042 1133 2082 hora
1153 2055 1263 2082 nona
1287 2043 1407 2083 iubet.
1468 2044 1564 2083 Non

187 2118 270 2150 erat
300 2111 529 2159 obscurum,
558 2111 655 2162 quid
684 2111 808 2149 homo
838 2111 1043 2162 improbus
1075 2123 1121 2150 ac
1153 2111 1327 2150 nefarius
1359 2113 1564 2163 cogitaret.

187 2179 438 2219 Intellectum
467 2186 538 2227 est,
555 2180 596 2218 id
623 2180 742 2218 istum
775 2192 905 2230 agere,
922 2187 976 2226 ut,
994 2192 1119 2230 quum
1143 2179 1350 2219 Sthenium
1379 2182 1464 2221 sine
1485 2183 1565 2221 ullo

187 2256 427 2300 argumento
458 2261 505 2287 ae
537 2249 622 2287 sine
653 2255 750 2287 teste
781 2248 1023 2295 damnasset,
1045 2254 1130 2286 tum
1160 2247 1285 2287 homo
1315 2249 1488 2289 nefarius
1517 2251 1565 2289 de

92 2308 101 2318 ’
125 2325 168 2360 95
187 2316 352 2355 homine
392 2316 515 2355 nobili
546 2323 664 2368 atque
705 2315 746 2355 id
776 2317 914 2355 aetatis
946 2328 1101 2368 suoque
1131 2315 1290 2367 hospite
1320 2318 1439 2368 virgis
1472 2331 1564 2369 sup-

189 2386 354 2438 plicium
393 2385 664 2425 crudelissime
705 2391 889 2424 sumeret.
950 2384 1072 2432 Quod
1115 2398 1239 2436 quum
1280 2393 1383 2425 esset
1414 2388 1564 2438 perspi-

189 2466 322 2502 cuum,
344 2453 393 2493 de
414 2454 634 2493 amicorum
662 2454 946 2507 hospitumque
979 2465 1142 2492 suorum
1163 2455 1358 2494 sententia
1380 2454 1564 2493 Thermis
