1747 2620
143 94 189 126 11.
213 91 248 125 6.
384 72 562 118 ROME’S
591 77 721 112 RULE
754 74 813 107 OF
844 70 942 104 HER
974 62 1262 100 PROVINCES.
1427 59 1510 101 243

145 202 204 235 ret
224 207 270 234 ae
291 195 485 245 posceret.
543 185 627 232 Ille,
649 180 716 233 qui
744 178 809 218 illa
829 187 910 215 non
934 171 1076 212 invitus
1103 168 1278 211 haberet,
1299 159 1514 212 respondet

91 278 131 303 10
149 261 324 314 Lilybaei
344 271 387 298 se
407 268 490 296 non
510 253 670 297 habere,
691 246 854 287 Melitae
877 240 985 293 apud
1006 235 1221 290 quemdam
1243 230 1515 283 propinquum

149 342 265 370 suum
285 325 501 377 reliquisse.
562 319 672 358 Tum
700 316 773 355 iste
805 310 997 351 continuo
1027 303 1144 344 mittit
1172 299 1357 340 homines
1387 302 1516 334 certos

151 397 352 437 Melitam:
393 390 526 432 scribit
562 387 614 427 ad
644 381 841 437 quosdam
880 376 1124 420 Melitenses,
1153 376 1197 409 ut
1226 380 1274 406 ea
1301 377 1396 404 vasa
1429 374 1517 414 per·

152 466 308 517 quirant
328 476 338 501 ι
369 465 485 511 rogat
505 455 742 498 Diodorum,
759 456 802 489 ut
823 447 875 486 ad
895 445 1004 483 illum
1025 439 1296 493 propinquum
1317 443 1432 472 suum
1455 429 1521 467 det

151 533 321 572 litteras:
352 528 449 568 nihil
479 526 515 565 ei
545 521 705 573 longius
735 516 951 560 videbatur,
974 520 1095 562 quam
1126 506 1222 545 dum
1252 500 1347 540 illud
1373 498 1522 537 videret

94 616 133 651 15
154 606 375 652 argentum.
425 593 642 637 Diodorus,
659 589 781 627 homo
803 581 904 632 frugi
925 592 971 618 ac
993 577 1171 627 diligens,
1189 571 1255 623 qui
1277 581 1348 609 sua
1369 577 1522 606 servare

154 668 279 715 vellet,
306 664 536 717 propinquo
569 669 641 698 suo
674 652 818 699 scribit,
845 656 888 687 ut
917 648 975 693 iis,
998 644 1065 696 qui
1095 655 1118 680 a
1146 640 1271 678 Verre
1311 636 1522 678 venissent,

154 733 427 787 responderet,
458 728 554 768 illud
594 728 803 775 argentum
843 730 884 756 se
926 712 1063 766 paucis
1094 709 1166 748 illis
1203 705 1342 746 diebus
1371 702 1525 741 misisse

157 804 402 855 Lilybaeum.
454 797 547 849 Ipse
568 795 721 832 interea
741 785 910 828 recedit:
938 783 1077 820 abesse
1099 778 1149 816 ab
1172 776 1294 814 domo
1314 771 1528 824 paullisper

160 871 305 917 maluit,
330 878 452 919 quarn
481 872 670 915 praesens
697 855 794 896 illud
822 852 971 904 optime
1000 848 1147 887 sactum
1176 848 1384 894 argentum
1414 837 1528 891 amit3

100 954 142 979 πο
160 946 253 979 tere.
312 934 436 984 Quod
456 931 525 971 ubi
545 927 694 968 audivit
713 925 798 970 iste,
820 931 948 971 usque
969 928 1017 955 eo
1040 921 1099 953 est
1121 916 1359 954 commotus,
1381 913 1423 944 ut
1445 904 1529 943 sine

160 1006 239 1045 ulla
259 1001 504 1044 dubitatione
525 994 698 1036 insanire
725 989 912 1030 omnibus
940 997 987 1023 ac
1016 982 1143 1020 furere
1163 977 1367 1016 videretur.
1427 971 1530 1020 Quia

161 1085 245 1112 non
275 1074 458 1122 potuerat
486 1069 697 1115 argentum
727 1058 889 1108 eripere,
918 1053 1002 1103 ipse
1033 1062 1056 1088 a
1083 1045 1264 1087 Diodoro
1297 1048 1431 1093 erepta
1460 1038 1533 1078 sibi

161 1153 255 1180 vasa
285 1137 435 1189 optime
465 1133 570 1172 facta
601 1128 780 1168 dicebat:
811 1119 983 1161 minitari
1015 1114 1169 1156 absenti
1193 1111 1400 1151 Diodoro:
1430 1107 1534 1146 voci-

164 1207 278 1246 ferari
319 1203 478 1256 palam:
527 1196 710 1237 lacrimas
754 1189 954 1230 interdum
994 1185 1058 1223 vix
1101 1191 1245 1221 tenere.
1304 1174 1535 1227 Eriphylam

104 1288 146 1322 25
168 1273 395 1325 accepimus
415 1270 456 1307 in
481 1265 624 1306 fabulis
657 1274 703 1301 ea
724 1257 948 1309 cupiditate,
971 1259 1027 1299 ut,
1049 1261 1173 1302 quum
1193 1247 1356 1286 vidisset
1375 1241 1535 1287 monile,

168 1350 211 1383 ut
240 1341 397 1392 opinor,
427 1348 476 1375 ex
505 1345 602 1373 auro
634 1337 672 1369 et
712 1325 895 1378 gemmis,
927 1317 1216 1372 pulchritudine
1247 1314 1332 1353 eius
1363 1312 1537 1355 incensa,

170 1410 337 1450 salutem
374 1404 444 1443 viri
482 1400 679 1454 proderet.
741 1392 885 1433 Similis
917 1389 1025 1429 istius
1063 1384 1281 1436 cupiditas;
1311 1380 1390 1419 hoc
1421 1378 1539 1416 etiam

171 1478 296 1518 acrior
325 1481 443 1524 atque
483 1467 672 1512 insanior,
705 1460 814 1514 quod
855 1459 919 1497 illa
958 1455 1142 1506 cupiebat
1170 1450 1212 1489 id
1242 1447 1351 1501 quod
1382 1446 1541 1491 viderat,

172 1545 288 1584 huius
317 1540 498 1580 libidines
537 1547 621 1574 non
652 1531 783 1572 solum
823 1525 959 1572 oculis,
993 1521 1064 1562 sed
1094 1520 1213 1560 etiarn
1244 1516 1404 1556 auribus
1434 1512 1539 1552 exci-

113 1623 156 1656 30
175 1613 368 1652 tabantur.

234 1693 268 1718 2.
299 1673 491 1727 Conquiri
512 1669 739 1710 Diodorum
755 1671 836 1703 tota
857 1658 1065 1713 provincia
1086 1656 1204 1694 iubet.
1250 1651 1319 1690 Ille
1342 1662 1390 1689 ex
1413 1647 1544 1687 Sicilia

175 1750 255 1788 iam
284 1751 413 1785 castra
451 1744 627 1780 moverat
657 1741 696 1774 et
725 1744 820 1771 vasa
860 1729 1082 1778 collegerat.
1143 1722 1296 1767 Homo,
1328 1726 1371 1757 ut
1410 1717 1543 1766 aliquo

177 1814 300 1854 modo
328 1812 436 1850 illum
464 1809 504 1847 in
534 1802 778 1858 provinciam
806 1802 1017 1841 revocaret,
1039 1793 1144 1831 hanc
1173 1786 1410 1838 excogitavit
1430 1785 1545 1822 ratio-

341 1880 373 1918 si
401 1878 500 1916 haec
539 1873 638 1912 ratio
669 1868 800 1920 potius
840 1875 960 1915 quam
997 1858 1170 1899 amentia
1199 1852 1444 1895 nominanda
1474 1857 1544 1888 est.

1029 1927 1095 1978 qui
1126 1925 1231 1964 dicat
1256 1935 1297 1961 se
1322 1919 1547 1959 Diodorum

1229 1990 1363 2028 Primo
1404 1987 1548 2025 mirum

179 1894 295 1922 nem:

120 1964 161 1997 35
183 1948 362 2002 Apponit
392 1945 440 1984 de
472 1942 552 1981 suis
583 1938 748 1978 canibus
779 1930 1006 1984 quemdam,

182 2017 432 2058 Melitensem
463 2010 517 2049 rei
553 2004 730 2056 capitalis
759 2012 870 2039 reum
900 1996 998 2036 velle
1030 1995 1168 2033 facere.

184 2085 370 2125 omnibus
392 2078 526 2124 videri,
549 2073 776 2114 Diodorum
807 2078 929 2111 reum,
952 2063 1156 2102 bominem
1180 2056 1478 2109 quietissimum,
1501 2053 1549 2090 ab

185 2152 295 2192 omni
321 2161 404 2188 non
431 2144 554 2184 modo
578 2139 777 2180 facinoris,
799 2146 935 2173 verum
958 2132 1074 2170 etiam
1101 2126 1253 2166 minimi
1281 2123 1393 2163 errati
1425 2121 1551 2171 suspi-

187 2223 301 2262 cione
321 2214 654 2257 remotissimum:
677 2206 818 2246 deinde
838 2215 923 2242 esse
945 2198 1214 2251 perspicuum,
1232 2193 1313 2232 fieri
1335 2191 1469 2230 omnia
1490 2190 1552 2227 illa

126 2307 170 2340 40
188 2294 348 2341 propter
379 2287 599 2333 argentum.
659 2276 739 2314 Iste
766 2284 847 2311 non
878 2269 1031 2308 dubitat
1058 2265 1191 2303 iubere
1217 2273 1366 2300 nomen
1395 2258 1550 2297 deferri:

188 2364 226 2397 et
246 2363 330 2395 tum
351 2352 522 2404 primum
540 2347 682 2398 opinor
704 2345 822 2382 istum
845 2337 1018 2378 absentis
1042 2344 1190 2372 nomen
1212 2329 1419 2379 recepisse.
1472 2325 1552 2363 Res

189 2425 294 2466 clara
325 2420 456 2461 Sicilia
486 2424 579 2465 tota,
612 2420 772 2466 propter
814 2407 951 2449 caelati
982 2403 1134 2454 argenti
1178 2398 1430 2449 cupiditatem
1464 2406 1552 2432 reos
