1731 2620
180 118 263 161 234
528 114 778 147 EXTRACTS
809 115 946 147 FROM
976 115 1161 149 CICERO.
1386 117 1466 150 Sect.
1489 118 1527 149 V.

180 214 326 252 iibidini
358 227 478 253 suae:
520 227 634 254 mane
666 216 857 255 Kalendis
887 216 1097 256 Decembr.
1126 224 1168 256 ut
1198 217 1384 265 edixerat,
1415 216 1527 256 Sthe-

179 281 288 319 nium
309 282 415 320 citari
432 282 548 320 iubet.
609 282 648 320 Si
677 283 746 321 abs
775 291 811 321 te
842 284 955 322 istam
983 296 1065 322 rern
1087 296 1230 334 parens
1255 290 1345 323 tuus
1365 283 1528 323 alicuius

178 349 293 386 amici
323 357 463 398 rogatu
498 350 738 399 benignitate
769 358 834 389 aut
873 352 1088 390 ambitione
1128 351 1319 390 adductus
1357 352 1528 402 petisset,

180 415 408 463 gravissima
447 423 579 454 tamen
619 417 722 467 apud
762 423 800 455 te
830 417 1007 456 voluntas
1047 418 1167 468 patris
1201 429 1288 457 esse
1318 417 1528 465 debuisset,

179 493 301 531 quum
322 494 413 519 vero
434 483 504 520 abs
525 489 562 520 te
584 483 635 520 tui
658 483 795 533 capitis
817 496 936 522 causa
956 491 1104 535 peteret
1124 483 1383 535 hominesque
1403 490 1530 524 certos
1550 494 1614 531 ¹70

177 547 300 586 domo
319 548 498 593 misisset,
520 548 638 599 hique
667 561 714 587 eo
737 558 913 600 tempore
947 550 997 589 ad
1025 558 1061 589 te
1081 551 1290 597 venissent,
1311 563 1434 602 quum
1459 551 1529 590 tibi

176 614 215 652 in
246 615 398 664 integro
430 623 510 653 tota
541 628 601 654 res
632 624 744 661 esset,
773 629 822 654 ne
851 624 933 656 tum
964 617 1123 668 quidem
1154 625 1191 656 te
1220 618 1356 668 potuit,
1385 617 1417 657 si
1448 629 1529 657 non

175 681 339 731 pietatis,
361 689 399 719 at
427 682 558 721 salutis
586 689 675 721 tuae
703 684 800 722 ratio
831 684 881 722 ad
902 683 1075 722 officium
1107 684 1391 734 sanitatemque
1414 683 1529 723 redu-

175 748 293 786 cere?
351 747 454 787 Citat
493 761 627 787 reum:
678 761 758 787 non
799 750 1021 800 respondet.
1091 748 1195 788 Citat
1234 757 1529 789 accusatorem:

177 814 390 866 (attendite,
413 828 572 866 quaeso,
596 816 767 854 iudices:
801 817 937 862 videte,
954 824 1102 867 quanto
1125 829 1244 868 opere
1266 817 1374 856 istius
1394 829 1528 856 amen·
1551 831 1612 868 ¹75

174 882 252 920 tiae
282 881 437 920 fortuna
467 883 553 932 ipsa
584 883 785 921 adversata
815 884 874 929 sit,
897 891 934 922 et
964 883 1079 921 simul
1109 883 1249 931 videte,
1269 884 1358 934 quis
1378 882 1529 923 Sthenii

175 960 335 986 causam
381 961 496 987 casus
540 948 727 987 adiuverit
744 953 775 995 z)
820 950 959 988 citatus
1002 957 1218 996 accusator,
1265 949 1321 988 M.
1348 950 1528 998 Pacilius,

176 1016 312 1053 nescio
353 1027 432 1066 quo
463 1028 567 1062 casu,
598 1027 679 1054 non
719 1017 933 1066 respondit,
965 1029 1047 1055 non
1086 1017 1207 1056 affuit.
1267 1016 1308 1056 Si
1342 1029 1529 1069 praesens

178 1079 360 1119 Sthenius
390 1093 478 1120 reus
508 1089 612 1120 esset
642 1081 787 1120 sactus:
829 1083 860 1121 si
890 1083 1100 1122 manifesto
1129 1085 1169 1122 in
1199 1084 1392 1123 maleficio
1420 1089 1529 1123 tene-

175 1155 301 1195 retur;
332 1156 476 1194 tamen,
499 1161 619 1199 quum
652 1156 857 1188 accusator
887 1162 968 1188 non
999 1151 1164 1198 adesset,
1197 1151 1402 1190 Sthenium
1432 1162 1529 1190 con·
1549 1157 1614 1191 180

175 1215 350 1253 demnari
372 1227 453 1253 non
475 1222 683 1265 oporteret.
734 1215 902 1262 Etenim,
921 1217 951 1254 si
973 1225 1107 1267 posset
1123 1230 1211 1256 reus
1232 1219 1393 1257 absente
1413 1229 1528 1256 accu-

177 1289 303 1320 satore
324 1281 592 1328 condemnari,
609 1294 690 1320 non
711 1294 787 1333 ego
803 1295 825 1321 a
840 1282 998 1321 Vibone
1016 1283 1169 1323 Veliam
1189 1283 1350 1335 parvulo
1370 1284 1528 1334 navigio

177 1349 275 1386 inter
304 1347 552 1398 fugitivorum
583 1360 629 1386 ac
658 1349 903 1399 praedonum
934 1362 979 1388 ac
1009 1357 1076 1389 tua
1106 1350 1182 1389 tela
1211 1352 1417 1394 venissem,
1448 1362 1528 1403 quo

176 1422 352 1465 tempore
382 1415 511 1453 omnis
542 1414 605 1452 illa
634 1427 723 1453 mea
753 1414 948 1455 festinatio
974 1416 1044 1455 fuit
1073 1429 1163 1456 cum
1193 1417 1366 1468 periculo
1390 1417 1530 1469 capitis

175 1482 229 1520 ob
250 1494 336 1520 eam
359 1493 529 1526 eausam,
551 1494 601 1520 ne
622 1488 663 1520 tu
684 1495 731 1520 ex
754 1483 828 1520 reis
849 1484 1075 1530 eximerere,
1097 1484 1128 1522 si
1149 1496 1226 1535 ego
1247 1483 1297 1523 ad
1318 1485 1424 1523 diem
1445 1496 1528 1523 non
1550 1490 1612 1534 185

176 1548 387 1587 affuissem.
438 1547 560 1595 Quod
588 1548 702 1599 igitur
723 1549 788 1587 tibi
810 1557 891 1587 erat
912 1550 951 1588 in
972 1557 1039 1588 tuo
1060 1550 1204 1589 iudicio
1225 1551 1528 1602 optatissimum,

177 1627 252 1661 me,
282 1627 403 1666 quum
433 1616 572 1653 citatus
601 1627 740 1661 essem,
760 1627 841 1654 non
871 1615 1020 1662 adesse,
1049 1629 1117 1655 cur
1147 1616 1312 1656 Sthenio
1341 1629 1425 1657 non
1454 1630 1528 1668 pu-

178 1682 265 1720 tasti
295 1681 483 1732 prodesse
513 1687 707 1732 oportere,
729 1694 850 1732 quum
881 1683 964 1721 eius
994 1690 1199 1722 accusator
1228 1696 1310 1723 non
1334 1684 1530 1724 affuisset?

177 1748 316 1799 Itaque
337 1747 437 1794 fecit,
459 1755 502 1785 ut
523 1748 649 1786 exitus
670 1748 862 1798 principio
884 1748 1102 1787 simillimus
1129 1750 1381 1801 reperiretur:
1411 1762 1529 1801 quem

179 1815 381 1854 absentem
401 1826 511 1853 reum
533 1813 688 1862 fecerat,
709 1827 799 1854 eum
820 1815 980 1854 absente
1001 1823 1228 1856 accusatore
1248 1816 1500 1856 condemnat.
1552 1830 1616 1867 ¹90

533 1983 575 2018 4.
610 1978 688 2017 The
708 1978 822 2030 Story
840 1980 889 2031 of
903 1980 1024 2021 Caius
1044 1981 1178 2021 Heius.

240 2105 271 2130 1.
304 2091 349 2131 C.
371 2091 498 2132 Heius
528 2098 587 2131 est
615 2091 874 2131 Mamertinus
905 2093 1061 2145 (omnes
1091 2094 1169 2134 hoc
1197 2094 1306 2142 mihi,
1327 2095 1395 2147 qui
1424 2095 1529 2136 Mes-

181 2171 317 2198 sanam
347 2167 605 2206 accesserunt,
626 2159 738 2198 facile
769 2160 1005 2208 concedent)
1039 2163 1223 2201 omnibus
1252 2163 1369 2201 rebus
1398 2162 1439 2201 in
1468 2162 1532 2201 illa

180 2225 332 2264 civitate
362 2225 641 2267 ornatissimus.
703 2225 834 2265 Huius
875 2227 1016 2266 domus
1055 2235 1113 2266 est
1141 2229 1201 2267 vel
1235 2229 1385 2279 optima
1422 2228 1529 2268 Mes-

180 2303 309 2338 sanae,
330 2292 534 2331 notissima
553 2293 712 2344 quidem
739 2301 854 2340 certe,
875 2300 914 2332 et
943 2294 1086 2333 nostris
1113 2293 1341 2334 hominibus
1370 2295 1530 2346 apertis-

181 2361 280 2397 sima
299 2359 547 2410 maximeque
568 2359 781 2410 hospitalis.
839 2359 899 2398 Ea
921 2360 1062 2400 domus
1083 2368 1173 2399 ante
1189 2361 1400 2400 adventum
1421 2361 1529 2401 istius
1547 2373 1567 2407 5

181 2425 237 2465 sic
264 2433 402 2464 ornata
423 2425 503 2473 suit,
525 2433 566 2465 ut
596 2426 680 2465 urbi
710 2439 868 2478 quoque
889 2434 991 2466 esset
1011 2434 1257 2466 ornamento.
1318 2425 1424 2466 Nam
1443 2428 1531 2480 ipsa
