1747 2620
147 111 192 145 11.
215 112 249 144 8.
389 99 565 142 ROME'S
596 108 724 141 RULE
758 107 817 139 OF
847 107 942 139 HER
977 105 1264 138 PROVINCES.
1433 109 1513 151 249

89 227 129 250 20
148 213 296 253 maiore
324 213 418 252 odio
447 213 609 264 dignam
630 212 739 251 istius
769 210 1041 250 incredibilem
1073 209 1278 248 audaciam
1306 209 1513 257 iudicetis,)

147 281 376 320 convocatis
408 280 547 320 Siculis
577 280 776 326 omnibus,
807 278 917 329 quod
951 277 1169 316 diutissime
1205 276 1513 327 saepissimeque

148 348 317 388 Siciliam
340 355 521 387 vexatam
543 360 566 386 a
594 346 992 397 Karthaginiensibus
1021 350 1224 395 cognorat,
1247 344 1355 382 iubet
1379 345 1515 382 omnia

147 414 350 467 conquiri·
384 416 588 467 pollicetur
617 415 690 454 sibi
720 426 889 465 magnae
919 425 1035 452 curae
1065 412 1159 458 fore,
1190 418 1232 450 ut
1261 412 1394 450 omnia
1424 412 1514 450 civi-

147 484 302 531 tatibus,
333 497 435 536 quae
476 483 666 535 cuiusque
710 482 886 528 fuissent,
926 480 1231 519 restituerentur.
1291 479 1399 517 Tum
1440 479 1513 526 illa,

87 560 128 593 ‘25
149 564 251 603 quae
281 552 486 604 quondam
515 557 624 589 erant
655 549 822 588 Himera
850 548 1013 595 sublata,
1035 548 1084 586 de
1112 548 1254 599 quibus
1279 554 1394 586 antea
1422 547 1514 595 dixi,

149 619 420 658 Thermitanis
450 626 542 658 sunt
571 617 747 656 reddita:
793 624 877 655 tum
909 617 983 655 alia
1013 615 1264 662 Gelensibus,
1296 615 1370 654 alia
1399 615 1514 665 Agri-

148 687 344 738 gentinis:
387 687 426 724 in
457 686 600 736 quibus
631 686 749 723 etiam
788 684 850 723 ille
881 684 1022 722 nobilis
1058 691 1203 730 taurus,
1235 696 1354 734 quem
1377 682 1515 721 crude-

147 753 316 793 lissimus
346 753 525 793 omnium
555 759 812 804 tyrannorum
843 751 1017 790 Phalaris
1047 750 1232 789 habuisse
1260 750 1412 796 dicitur,
1435 761 1514 800 quo

148 822 257 861 vivos
279 821 458 873 supplicii
479 833 599 860 causa
621 821 823 859 demittere
845 819 1026 858 homines
1047 825 1084 857 et
1105 818 1295 857 subiicere
1313 817 1515 856 flammam

88 901 131 933 30
149 890 322 928 solebat:
363 901 483 940 quem
512 895 667 926 taurum
704 887 836 937 Scipio
867 899 991 937 quum
1025 886 1206 924 redderet
1234 885 1514 935 Agrigentinis,

149 957 295 996 dixisse
326 957 476 1004 dicitur,
507 968 680 1007 aequum
711 967 797 994 esse
829 954 914 993 illos
945 955 1130 1004 cogitare,
1162 959 1292 991 utrum
1324 958 1425 991 esset
1457 952 1514 990 Si-

149 1024 244 1064 culis
266 1024 407 1071 utilius‚
430 1024 562 1063 suisne
583 1022 734 1069 servire,
757 1034 808 1060 an
838 1021 988 1072 populo
1011 1021 1198 1059 Romano
1220 1021 1492 1071 obtemperare
1504 1034 1514 1068 ;

149 1105 272 1144 quum
302 1091 407 1130 idern
438 1096 744 1129 monumentum
774 1095 813 1128 et
842 1089 1084 1127 domesticae
1114 1088 1352 1127 crudelitatis
1383 1095 1420 1127 et
1445 1100 1515 1126 no-

148 1166 250 1198 strae
270 1158 582 1197 mansuetudinis
603 1157 802 1196 haberent.

88 1237 129 1270 35
208 1238 242 1265 2.
273 1224 347 1264 Illo
376 1231 556 1276 tempore
589 1224 814 1275 Segestanis
853 1224 1026 1262 maxima
1057 1235 1148 1262 cum
1178 1235 1272 1262 cura
1302 1222 1400 1262 haec
1431 1223 1517 1275 ipsa

148 1292 290 1340 Diana,
313 1292 362 1331 de
396 1304 476 1343 qua
505 1291 685 1337 dicimus,
717 1291 916 1330 redditur:
956 1297 1175 1341 reportatur
1207 1290 1435 1341 Segestam:
1476 1292 1515 1329 in

149 1361 229 1400 suis
250 1359 420 1410 antiquis
441 1359 598 1398 sedibus
627 1370 784 1397 summa
812 1371 903 1397 cum
924 1358 1184 1408 gratulatione
1212 1358 1355 1396 civium
1381 1365 1417 1397 et
1437 1358 1515 1397 lae-

81 1454 87 1461 ·
148 1428 230 1466 titia
255 1427 469 1478 reponitur.
529 1424 643 1464 Haec
671 1432 751 1463 erat
780 1425 910 1475 posita
942 1424 1138 1475 Segestae,
1164 1437 1260 1463 sane
1290 1425 1446 1464 excelsa
1476 1426 1515 1463 in

150 1495 256 1533 basi:
296 1494 336 1532 in
366 1506 445 1544 qua
483 1493 699 1543 grandibus
730 1492 862 1530 litteris
893 1504 925 1529 P.
947 1504 1131 1531 AFRICANI
1167 1504 1315 1530 nomen
1346 1499 1427 1530 erat
1457 1493 1514 1531 in-

90 1573 131 1604 40
150 1562 276 1601 cisum
306 1572 477 1610 eumque
503 1558 775 1598 KARTHAGINE
805 1571 930 1598 CAPTA
959 1571 1208 1597 REsnTurssn
1243 1560 1514 1610 perscriptum.

150 1628 365 1668 Colebatur
386 1640 409 1666 a
429 1627 605 1666 civibus:
639 1628 689 1665 ab
720 1627 907 1665 omnibus
939 1626 1098 1665 advenis
1126 1626 1347 1665 visebatur:
1392 1639 1515 1678 quum

149 1702 336 1748 quaestor
365 1707 505 1741 essem,
528 1694 623 1732 nihil
653 1694 748 1732 mihi
779 1695 828 1732 ab
858 1694 930 1732 illis
962 1700 1021 1732 est
1051 1693 1365 1732 demonstratum
1396 1695 1513 1746 prius.

147 1762 242 1802 Erat
277 1761 494 1801 admodum
532 1761 709 1812 amplum
744 1768 782 1800 et
822 1761 1021 1800 excelsum
1061 1761 1219 1811 signum
1260 1774 1351 1800 cum
1392 1762 1513 1800 stola:

149 1835 417 1869 verumtamen
447 1829 571 1868 inerat
599 1829 641 1867 in
670 1829 735 1867 illa
768 1829 1040 1879 magnitudine
1075 1835 1182 1867 aetas
1212 1835 1329 1880 atque
1360 1829 1515 1867 habitus

89 1909 130 1942 ⁴5
148 1897 366 1948 virginalis:
412 1897 576 1947 sagittae
615 1896 844 1946 pendebant
883 1897 934 1934 ab
973 1896 1160 1934 humero:
1205 1896 1360 1934 sinistra
1395 1909 1515 1935 manu

149 1965 339 2003 retinebat
359 1975 517 2002 arcum:
549 1963 686 2001 dextra
707 1963 910 2001 ardentem
932 1963 1059 2002 facem
1082 1962 1336 2013 praeferebat.
1396 1963 1515 2003 Hanc

150 2044 272 2083 quum
302 2032 375 2070 iste
415 2042 615 2069 sacrorum
655 2030 834 2068 omnium
864 2030 990 2069 hostis
1020 2031 1335 2081 religionumque
1365 2031 1514 2081 praedo

149 2099 334 2147 vidisset:
378 2098 491 2150 quasi
530 2098 592 2135 illa
630 2097 714 2148 ipse
755 2097 839 2136 face
878 2110 1089 2148 percussus
1119 2104 1234 2144 esset,
1266 2099 1319 2136 ita
1350 2099 1514 2149 ssagrarc

149 2165 362 2216 cupiditate
391 2171 508 2216 atque
539 2165 710 2202 amentia
740 2165 882 2215 coepit.
943 2165 1117 2215 Imperat
1148 2166 1449 2216 magistratibuS‚
1473 2173 1514 2203 ut

89 2243 133 2278 50
150 2244 238 2271 eam
260 2231 523 2271 demoliantur
543 2238 581 2270 et
601 2231 674 2269 sibi
697 2232 814 2270 dent:
837 2231 931 2269 nihil
954 2232 1027 2270 sibi
1048 2232 1196 2282 gratius
1218 2233 1389 2271 ostendit
1411 2232 1512 2270 futu-

150 2311 248 2338 rum.
288 2298 348 2337 Illi
361 2310 452 2337 vero
469 2299 597 2337 dicere
614 2299 653 2336 id
670 2299 741 2336 sibi
758 2298 867 2337 nefas
889 2312 988 2346 csse,
1004 2312 1124 2350 seque
1142 2312 1265 2349 quum
1286 2311 1441 2337 summa
1456 2312 1512 2336 re-

149 2366 305 2417 ligione,
319 2373 403 2404 tum
420 2378 578 2404 summo
594 2372 701 2403 metu
718 2365 849 2416 legum
867 2373 903 2404 et
919 2366 1152 2404 iudiciorum
1170 2366 1303 2404 teneri.
1339 2366 1416 2403 Istc
1431 2372 1512 2402 tum

149 2438 282 2484 petere
303 2433 352 2472 ab
374 2433 458 2482 illis,
479 2439 561 2472 tum
583 2434 734 2480 minari,
757 2439 838 2471 tum
867 2445 991 2484 spem,
1013 2440 1095 2472 tum
1117 2440 1267 2471 metum
1292 2432 1510 2471 ostendere.
