1731 2620
172 112 253 156 232
524 105 776 138 EXTRACTS
807 104 945 136 FROA!
976 103 1161 137 CICERO.
1383 104 1465 139 Soet.
1488 103 1530 139 V·

170 210 353 250 Sthenius
376 210 546 249 Romam
570 208 768 260 profugit:
801 207 918 246 hiemi
948 218 1034 245 sese
1064 205 1325 258 fluctibusque
1346 205 1528 246 commit·

170 286 248 316 tere
270 278 415 323 maluit,
438 289 557 328 quam
581 288 661 314 non
684 277 798 314 istam
820 285 1075 313 communem
1107 272 1330 313 Siculorum
1359 280 1526 326 tempes-

169 353 286 385 tatem
307 345 648 393 calamitatemque
670 343 800 381 vitare.
1551 348 1612 372 ¹00

225 422 261 462 5.
293 411 371 451 Iste
400 411 521 450 homo
549 418 677 449 certus
704 417 740 448 et
769 408 935 459 diligens
963 408 1014 448 ad
1033 407 1172 448 horam
1200 419 1350 449 nonam
1369 413 1527 461 praesto

166 486 236 518 est.
297 478 503 518 Sthenium
533 477 642 516 citari
673 477 790 515 iubet.
849 474 981 523 Quem
1012 483 1274 527 posteaquam
1304 475 1410 516 videt
1443 487 1527 516 non

167 548 319 592 adesse,
342 546 479 584 dolore
509 544 644 583 ardere
675 552 791 595 atque
823 542 1022 582 iracundia
1053 542 1180 582 furere
1209 542 1366 594 coepit:
1395 541 1527 583 Vene-

169 614 246 653 rios
277 614 315 652 in
345 612 509 651 domum
541 611 690 649 Sthenii
721 611 894 649 mittere:
925 610 1078 661 equites
1117 609 1266 649 circum
1296 621 1415 661 agros
1442 609 1527 651 eius

167 680 351 731 villasque
392 679 595 717 dimittere.
656 677 794 729 Itaque
836 677 930 716 dum
970 683 1185 728 exspectat,
1220 676 1412 728 quidnam
1452 677 1526 717 sibi
1549 688 1610 724 ¹05

165 749 257 786 certi
302 746 497 792 asseratur,
537 753 626 784 ante
667 744 804 783 horam
845 745 996 783 tertiam
1040 744 1169 783 noctis
1216 743 1266 783 de
1312 742 1401 783 soro
1445 755 1527 783 non

165 813 340 853 discedit.
401 812 591 851 Postridie
632 825 746 851 mane
787 811 1016 850 descendit:
1065 810 1310 862 Agathinum
1350 809 1400 851 ad
1439 822 1526 851 sese

166 888 299 919 vocat:
332 881 436 919 iubet
466 893 557 919 eum
586 880 634 918 de
666 879 798 918 litteris
830 879 995 930 publicis
1027 879 1065 917 in
1093 878 1299 917 absentem
1321 876 1526 918 Sthenium

165 948 306 986 dicere.
366 947 457 986 Erat
486 946 678 986 eiusmodi
709 958 838 989 causa.
861 955 901 984 ut
933 945 994 984 ille
1016 957 1066 984 ne
1092 945 1177 985 sine
1199 945 1422 985 adversario
1440 945 1525 998 qui-

164 1015 255 1053 dem
288 1014 392 1066 apud
423 1014 624 1053 inimicum
655 1013 824 1052 iudicem
867 1013 1034 1064 reperire
1073 1020 1209 1064 posset
1239 1013 1334 1065 quid
1365 1012 1521 1053 diceret.
1547 1026 1609 1052 no

166 1081 302 1133 Itaque
332 1089 482 1120 tantum
514 1083 633 1120 verbo
669 1082 811 1132 posuit,
843 1079 1057 1119 Sacerdote
1095 1087 1276 1132 praetore
1316 1078 1524 1120 Sthenium

164 1148 308 1187 litteras
329 1148 504 1200 publicas
525 1149 756 1199 corrupisse.
817 1146 893 1186 Vix
924 1147 984 1185 ille
1012 1146 1088 1186 hoc
1116 1146 1278 1192 dixerat,
1299 1158 1423 1199 quum
1452 1147 1524 1187 iste

164 1216 404 1266 pronuntiat,
453 1227 655 1254 srnsmux
707 1227 900 1254 urruns
950 1225 1136 1254 PUBLICAS
1182 1226 1418 1254 conuuptssr.
1465 1226 1524 1254 νι-

165 1294 279 1322 natu:
309 1290 347 1321 et
374 1281 471 1322 haec
492 1290 694 1333 praeterea
720 1282 870 1321 addidit
890 1281 1014 1320 homo
1037 1280 1241 1328 Venerius,
1261 1292 1368 1321 novo
1386 1280 1522 1329 modo,

164 1349 269 1388 nullo
307 1349 502 1400 exemplo,
538 1361 587 1389 ou
628 1362 708 1388 Em
749 1361 831 1388 nau
871 1361 918 1388 us
957 1360 1219 1394 ovissima-tes
1250 1360 1394 1388 vtum
1429 1361 1523 1390 ειη·
1545 1368 1606 1402 ¹15

163 1429 278 1456 emat
317 1429 367 1456 οε
406 1428 561 1456 stur-:stt
593 1429 704 1456 noxis
733 1428 1001 1456 εκΛετυκωιε
1046 1416 1232 1467 bonaque
1270 1414 1354 1455 eius
1392 1417 1522 1457 statim

164 1485 292 1535 coepit
329 1484 522 1523 vendere:
563 1493 600 1523 et
631 1483 882 1529 vendidisset,
915 1484 945 1522 si
976 1483 1168 1522 tantulum
1199 1495 1335 1523 morae
1374 1483 1520 1534 suisset,

163 1562 242 1601 quo
273 1551 403 1590 minus
439 1552 472 1589 ei
513 1552 682 1602 pecunia
722 1551 785 1589 illa
825 1558 1105 1589 numeraretur.
1162 1548 1222 1589 Ea
1260 1557 1521 1604 posteaquam

164 1626 366 1657 numerata
394 1626 464 1665 est,
500 1626 708 1658 contentus
738 1617 810 1656 hac
842 1618 1043 1668 iniquitate
1073 1629 1155 1656 non
1186 1616 1281 1656 suit:
1309 1616 1442 1669 palam
1471 1618 1522 1659 de

162 1685 257 1724 sella
295 1697 341 1724 ac
381 1685 562 1723 tribunali
605 1685 856 1735 pronuntiat:
900 1696 933 1723 st
967 1695 1056 1728 QUIS
1085 1695 1290 1723 Arasmi-mn
1317 1696 1520 1726 srnmtm
1543 1700 1605 1726 no

163 1764 227 1792 κει
275 1764 476 1793 cami-aus
525 1765 634 1792 mm
687 1764 837 1792 racana
885 1763 1053 1799 νειιετ,
1102 1763 1191 1791 sim:
1240 1763 1328 1792 mus
1383 1765 1520 1795 nom

163 1832 450 1860 uscze‘rmtmt:
481 1827 519 1859 et
549 1820 676 1865 simul,
708 1827 750 1859 ut
780 1820 830 1859 ad
861 1831 1021 1858 causam
1055 1819 1262 1859 accederet
1290 1832 1519 1874 nomenque

161 1887 340 1934 deferret,
361 1887 615 1938 Agathinum,
637 1899 782 1927 novum
813 1887 970 1926 affinem
1000 1894 1118 1938 atque
1147 1887 1358 1939 hospitem,
1387 1889 1519 1942 coepit

161 1953 316 1993 hortari.
374 1954 482 1994 Turn
522 1955 584 1994 ille
614 1955 715 1994 clare
745 1955 930 1994 omnibus
960 1953 1219 1998 audientibus,
1249 1967 1336 1995 sese
1365 1955 1405 1996 id
1433 1968 1518 1998 non

159 2034 246 2060 esse
267 2021 458 2061 facturum
487 2034 616 2073 neque
643 2035 685 2061 se
705 2034 831 2074 usque
861 2035 910 2062 eo
942 2022 1107 2062 Sthenio
1132 2034 1219 2062 esse
1239 2023 1454 2073 inimicum,
1473 2031 1517 2065 ut
1537 2035 1600 2072 ¹²⁵

160 2100 252 2127 eum
282 2088 337 2127 rei
375 2089 551 2139 capitalis
591 2088 746 2127 affinem
784 2101 871 2128 esse
910 2089 1067 2128 diceret.
1126 2088 1207 2130 Hic
1240 2096 1324 2129 tum
1352 2099 1516 2143 repente

159 2153 329 2194 Pacilius
358 2155 532 2206 quidam,
553 2155 675 2194 homo
695 2167 818 2206 egens
838 2163 877 2195 et
897 2155 1002 2203 levis,
1024 2155 1193 2196 accedit:
1223 2157 1288 2204 ait,
1308 2157 1342 2197 si
1371 2157 1514 2208 liceret,

160 2233 306 2260 nomen
332 2222 506 2260 absentis
526 2222 677 2261 deferre
708 2234 750 2262 se
771 2222 878 2261 velte.
938 2222 1018 2262 Iste
1038 2234 1143 2268 vero,
1163 2230 1204 2262 et
1230 2223 1347 2264 licere
1365 2231 1406 2264 et
1430 2224 1513 2266 fieri

158 2289 284 2329 solere
304 2295 343 2328 et
363 2301 404 2328 se
429 2296 688 2340 recepturum.
747 2289 886 2341 Itaque
913 2289 1094 2330 defertur.
1152 2289 1281 2330 Edicit
1306 2292 1450 2340 statim,
1469 2299 1513 2333 ut

158 2355 349 2395 Kalendis
379 2355 585 2394 Decembr.
609 2356 709 2395 adsit
740 2356 924 2396 Sthenius
954 2357 1167 2407 Syracusis.
1226 2356 1318 2405 Hic,
1339 2358 1408 2409 qui
1428 2358 1512 2399 Ro·
1534 2374 1597 2408 130

159 2434 264 2462 mam
286 2423 526 2474 pervenisset
552 2424 724 2476 satisque
745 2423 904 2463 feliciter
925 2425 1018 2463 anni
1047 2424 1126 2464 iam
1146 2423 1311 2465 adverso
1331 2431 1512 2479 tempore
