1731 2620
245 67 326 106 260
591 75 840 107 EXTRAcTS
871 77 1011 108 FROM
1040 79 1219 112 CICERO.
1449 82 1528 112 Sect.
1551 81 1590 113 v.

241 175 434 224 quaedam
466 183 544 214 tota
577 176 706 214 Sicilia
737 177 913 226 privatim
944 190 989 216 ac
1020 179 1173 228 publice
1196 179 1330 229 religio
1360 185 1418 218 est
1439 178 1590 218 Cereris

242 240 479 279 Hennensis.
554 242 709 280 Etenim
738 243 857 280 multa
884 256 1000 294 saepe
1022 245 1200 294 prodigia
1227 245 1304 283 vim
1324 245 1406 284 eius
1425 257 1649 288 numen-30

241 320 315 357 que
352 308 574 346 declarant:
614 309 744 347 multis
784 321 900 359 saepe
931 311 970 347 in
1000 310 1231 349 difficillimis
1260 311 1374 349 rebus
1404 323 1590 363 praesens

240 374 424 411 auxilium
450 374 532 412 eius
559 375 734 412 oblatum
757 383 826 421 cst,
849 383 888 413 ut
919 375 1016 414 haec
1038 377 1164 414 insula
1195 378 1244 414 ab
1274 389 1320 415 ea
1349 390 1429 416 non
1460 378 1588 416 solum

242 440 360 490 diligi,
391 440 460 477 sed
505 441 621 478 etiam
663 442 779 480 incoli
810 443 1072 493 custodirique
1103 443 1285 482 videatur.
1345 443 1431 482 Nec
1462 444 1588 482 solum

245 506 372 550 Siculi,
396 519 527 543 verum
551 508 666 544 etiam
695 516 844 546 ceterae
873 516 1010 557 gentes
1038 511 1297 560 nationesque
1328 509 1587 549 Hennensem

243 573 424 611 Cererem
455 574 625 612 maxime
661 575 804 612 colunt.
878 574 1046 621 Etenim,
1077 577 1108 614 si
1147 576 1447 616 Atheniensium
1481 590 1589 616 sacra
1606 587 1645 619 35

244 652 397 678 summa
428 641 638 690 cupiditate
669 648 914 690 expetuntur,
936 643 986 680 ad
1016 655 1116 693 quos
1147 642 1266 681 Ceres
1295 644 1335 681 in
1364 643 1429 682 illo
1459 656 1588 682 errore

241 706 391 743 venisse
413 706 551 744 dicitur
579 706 786 757 frugesque
815 708 986 746 attulisse
1005 725 1012 746 :
1046 716 1232 759 quantam
1254 721 1340 748 esse
1359 710 1587 760 religionem

240 773 422 811 convenit
445 785 593 819 eorum,
616 773 721 823 apud
749 785 848 824 quos
878 787 965 812 eam
996 782 1127 813 natam
1157 788 1243 814 esse
1263 783 1301 814 et
1331 775 1462 826 fruges
1483 777 1586 815 inve·

237 840 341 878 nisse
363 840 542 877 constat?
602 839 739 890 Itaque
760 841 866 890 apud
887 847 1016 890 patres
1047 848 1200 880 nostros
1232 842 1352 880 atroci
1379 854 1424 880 ac
1445 842 1588 880 difficili

238 906 473 956 reipublicae
514 913 702 956 tempore,
735 919 854 957 quum
886 906 945 944 Ti.
969 906 1151 946 Graccho
1185 909 1318 947 occiso
1352 921 1586 958 magnorum
1604 924 1648 955 40

237 972 498 1023 periculorum
515 979 641 1010 metus
663 985 710 1010 ex
732 974 895 1011 ostentis
909 974 1215 1023 portenderetur,
1232 974 1274 1013 P.
1288 974 1424 1013 Mucio
1438 974 1482 1013 L.
1497 974 1587 1014 Cal-

237 1039 378 1089 purnio
401 1039 638 1085 consulibus,
671 1039 817 1077 aditum
839 1047 896 1077 est
917 1040 966 1078 ad
987 1040 1106 1079 libros
1129 1040 1360 1091 Sibyllinos:
1391 1041 1430 1079 in
1444 1041 1586 1091 quibus

237 1106 436 1143 inventum
485 1112 553 1151 est,
592 1117 772 1144 CEREREM
817 1118 1124 1150 ANTxourssmAM
1165 1118 1329 1146 PLACAru
1369 1119 1586 1147 OPORTERE.

237 1170 344 1208 Tum
374 1182 422 1208 ex
452 1170 691 1220 amplissimo
722 1171 889 1220 collegio
919 1171 1164 1210 decemvirali
1195 1172 1418 1210 sacerdotes
1447 1173 1586 1223 populi

239 1237 420 1283 Romani,
452 1249 572 1286 quum
604 1245 706 1275 esset
736 1238 773 1275 in
804 1237 911 1276 Urbe
941 1247 1074 1277 nostra
1103 1238 1253 1277 Cereris
1283 1238 1586 1288 pulcherrimum
1605 1253 1647 1285 45

237 1312 274 1342 et
294 1304 724 1353 magnificentissimum
754 1305 954 1354 templum,
976 1311 1108 1342 tamen
1139 1317 1262 1356 usque
1285 1303 1473 1343 Hennam
1494 1317 1584 1356 pro-

239 1371 326 1408 fecti
347 1378 448 1408 sunt.
507 1369 638 1409 Tanta
658 1371 763 1408 enirn
784 1378 864 1408 erat
892 1371 1100 1409 auctoritas
1127 1378 1165 1408 et
1192 1378 1361 1409 vetustas
1381 1370 1479 1409 illius
1499 1371 1584 1409 reli-

237 1436 378 1486 gionis,
400 1443 452 1482 ut,
474 1448 596 1486 quum
627 1436 715 1474 illuc
746 1437 855 1482 irent,
879 1449 959 1474 non
990 1437 1040 1475 ad
1070 1436 1209 1475 aedem
1240 1436 1405 1484 Cereris,
1435 1436 1505 1476 sed
1535 1437 1585 1475 ad

238 1504 364 1553 ipsam
385 1502 567 1541 Cererem
588 1503 781 1553 proficisci
802 1503 1030 1541 viderentur.
1089 1502 1184 1541 Non
1199 1502 1415 1541 obtundam
1428 1503 1582 1542 diutius.

237 1568 393 1607 Etenim
415 1569 643 1607 iamdudum
660 1581 804 1615 vereor,
821 1581 871 1606 ne
891 1570 1015 1607 oratio
1030 1581 1119 1607 mea
1140 1569 1267 1607 aliena
1282 1569 1332 1607 ab
1351 1569 1581 1608 iudiciorum
1599 1584 1643 1617 50

238 1637 388 1674 ratione
423 1644 459 1673 et
494 1636 721 1686 quotidiana
752 1635 906 1674 dicendi
947 1635 1231 1674 consuetudine
1271 1647 1357 1674 esse
1396 1636 1581 1675 videatur.

239 1702 331 1740 Hoc
362 1702 463 1748 dico,
490 1702 591 1740 hanc
620 1702 745 1752 ipsam
777 1701 971 1747 Cererem,
1001 1702 1322 1752 antiquissimam,
1342 1701 1583 1752 religiosissi-

238 1781 357 1815 mam,
371 1769 588 1818 principem
609 1769 788 1806 omnium
810 1780 1022 1814 sacrorum,
1040 1779 1139 1818 quae
1160 1768 1266 1818 apud
1286 1780 1426 1806 omnes
1445 1776 1583 1818 gentes

239 1835 495 1884 nationesque
517 1834 624 1881 fiunt,
646 1847 668 1871 a
689 1833 733 1872 C.
750 1833 871 1872 Verre
893 1846 940 1871 ex
969 1834 1048 1871 suis
1075 1834 1229 1884 templis
1251 1846 1296 1872 ae
1317 1834 1476 1872 sedibus
1496 1847 1582 1874 esse

239 1901 443 1939 sublatam.
501 1900 582 1948 Qui
609 1900 825 1938 accessistis
847 1899 1047 1946 Hennam,
1068 1900 1214 1938 vidistis
1235 1899 1484 1938 simulacrum
1505 1899 1580 1939 Ce-
1599 1921 1639 1954 55

239 1967 331 2005 reris
361 1979 382 2004 e
412 1979 605 2004 marmore
633 1974 671 2004 et
697 1967 737 2004 in
763 1967 883 2004 altero
913 1966 1062 2016 templo
1089 1966 1274 2005 Liberae:
1305 1973 1395 2005 sunt
1421 1979 1468 2005 ea
1493 1979 1580 2018 per·

240 2033 370 2083 ampla
399 2040 514 2083 atque
544 2033 752 2084 praeclara,
783 2032 852 2071 sed
882 2044 964 2071 non
993 2033 1046 2070 ita
1075 2033 1246 2083 antiqua.
1303 2032 1365 2070 Ex
1395 2045 1482 2071 aere
1511 2033 1581 2072 fuit

240 2099 452 2150 quoddam,
473 2099 629 2137 modica
655 2099 909 2149 amplitudine
933 2110 978 2137 ac
1007 2099 1191 2148 singulari
1217 2111 1348 2148 opere,
1371 2111 1460 2137 cum
1487 2099 1578 2138 faci-

238 2167 322 2212 bus,
353 2167 638 2216 peranfflquum,
671 2166 848 2203 omnium
877 2165 1042 2212 illorum,
1073 2177 1173 2216 quae
1203 2172 1291 2203 sunt
1329 2165 1368 2203 in
1397 2177 1446 2204 eo
1475 2166 1580 2213 fano,

240 2233 363 2270 multo
394 2232 715 2283 antiquissimum.
774 2231 820 2269 Id
855 2231 1027 2278 sustulit;
1058 2244 1103 2270 ac
1133 2238 1264 2270 tamen
1293 2243 1342 2270 eo
1372 2239 1578 2271 contentus
1595 2243 1640 2276 60

239 2311 320 2337 non
350 2298 430 2336 fuit.
487 2299 590 2336 Ante
617 2298 754 2336 aedem
776 2297 927 2336 Cereris
954 2298 995 2335 in
1019 2305 1152 2347 aperto
1182 2310 1227 2336 ac
1257 2298 1462 2348 propatulo
1488 2298 1578 2337 Ioco

239 2365 350 2414 signa
380 2364 459 2403 duo
489 2370 589 2411 sunt,
621 2362 772 2402 Cereris
801 2375 935 2410 unum,
966 2363 1127 2402 alterum
1156 2363 1400 2414 Triptolemi,
1429 2371 1467 2402 et
1495 2365 1578 2415 pul-
