1747 2620
168 116 212 149 11.
235 126 266 156 4.
410 103 589 146 ROME'S
619 113 747 146 RULE
781 113 840 146 OF
869 112 966 144 HER
1001 112 1289 145 PROVINC'ES.
1442 117 1523 163 237

106 235 143 269 75
165 219 197 257 si
227 217 296 257 tibi
326 217 404 257 hoc
435 229 675 269 quemquam
707 229 989 256 concessurum
1019 217 1176 268 putasti,
1208 223 1245 255 te
1276 216 1316 254 in
1352 222 1534 266 praetura

164 292 282 336 atque
316 285 482 335 imperio
518 291 576 323 tot
610 297 683 332 res,
714 290 795 323 tam
830 285 1037 335 pretiosas,
1074 296 1215 323 omnes
1251 283 1423 333 denique
1458 295 1532 329 res,

164 365 265 404 quae
304 352 466 391 alicuius
506 352 618 402 pretii
659 351 812 399 fuerint,
856 359 938 391 tota
978 365 1027 391 ex
1067 352 1271 402 provincia
1311 351 1533 390 coemisse?

162 420 305 460 Videte
335 421 530 459 maiorum
558 420 813 470 diligentiam,
841 421 908 471 qui
938 419 1131 458 nihildum
1162 420 1280 458 etiam
1310 419 1533 457 istiusmodi

163 489 464 540 suspicabantur
476 501 485 536 ;
516 495 788 527 verumtamen
809 501 867 535 ea,
890 501 992 539 quae
1013 488 1143 539 parvis
1164 487 1204 525 in
1220 488 1338 525 rebus
1355 486 1533 525 accidere

100 562 144 593 80
161 563 354 608 poterant,
396 556 667 607 providebant.
726 555 954 603 Neminem,
994 556 1062 607 qui
1102 568 1193 594 cum
1232 561 1428 606 potestate
1467 560 1534 592 aut

160 625 358 676 legatione
389 624 430 663 in
459 624 703 675 provinciam
734 631 839 664 esset
870 624 1085 675 profectus,
1107 631 1188 662 tam
1219 630 1420 661 amentem
1449 621 1533 661 fore

161 699 405 744 putaverunt,
427 699 470 731 ut
494 699 641 731 emeret
667 700 886 743 argentum,
912 692 1096 745 (dabatur
1118 692 1224 730 enim
1255 691 1303 729 de
1325 690 1502 741 publico)
1524 703 1531 727 :

161 767 204 799 ut
233 766 393 806 vestem,
417 758 696 811 (praebebatur
726 761 833 799 enim
864 757 1061 811 legibus):
1099 758 1342 809 mancipium
1374 763 1533 808 putave-

161 834 263 875 runt,
299 838 378 878 quo
414 833 452 865 et
491 839 632 865 omnes
667 827 823 874 utimur,
856 834 893 866 et
933 838 1016 865 non
1057 827 1266 877 praebetur
1307 839 1329 864 a
1370 824 1531 876 populo.

99 902 139 943 85
164 895 399 941 Sanxerunt,
438 906 490 933 NE
529 906 617 938 Qurs
654 906 815 933 EMERET
855 907 1088 941 MANcffIUM,
1130 906 1205 933 NISI
1245 905 1285 931 m
1325 904 1532 931 DEMORTCI

162 974 309 1001 Locum.
370 961 411 1000 Si
450 962 516 1012 qui
556 961 710 1000 Romae
750 969 854 1000 esset
895 962 1153 1000 demortuus?
1199 961 1335 1007 immo,
1372 961 1403 999 si
1445 960 1532 1010 quis

162 1029 324 1068 ibidem.
384 1028 479 1068 Non
507 1029 614 1067 enim
642 1036 679 1067 te
706 1030 897 1068 instruere
930 1029 1096 1067 domum
1123 1037 1231 1067 tuam
1259 1029 1467 1067 voluerunt
1493 1028 1533 1065 in

162 1097 375 1148 provincia,
407 1096 477 1136 sed
507 1096 614 1135 illum
643 1109 760 1135 usum
794 1097 1020 1148 provinciae
1053 1097 1248 1148 supplere.
1311 1095 1427 1143 Quae
1463 1095 1534 1133 fuit

163 1176 294 1211 causa,
316 1177 384 1203 cur
413 1170 493 1202 tam
525 1164 732 1214 diligenter
763 1177 837 1203 nos
868 1165 908 1202 in
938 1164 1152 1216 provinciis
1184 1164 1234 1202 ab
1265 1164 1533 1214 emptionibus

101 1250 146 1282 90
162 1232 436 1270 removerent?
495 1231 620 1279 Haec,
643 1231 803 1279 iudices,
822 1232 930 1284 quod
951 1232 1144 1283 putabant
1165 1231 1411 1282 ereptionem
1431 1244 1532 1278 esse,

162 1312 246 1338 non
276 1300 531 1351 emptionem,
553 1312 677 1350 quum
707 1300 899 1339 venditori
930 1312 1004 1339 suo
1035 1300 1223 1338 arbitratu
1250 1299 1422 1338 vendere
1452 1313 1532 1339 non

161 1367 305 1406 liceret.
364 1366 413 1405 In
439 1366 651 1418 provinciis
679 1367 963 1418 intelligebant,
985 1368 1016 1406 si
1045 1368 1088 1413 is,
1113 1369 1180 1418 qui
1209 1374 1312 1406 esset
1338 1379 1431 1406 cum
1462 1367 1533 1405 im-

101 1474 107 1482 ,
162 1435 273 1486 perio
303 1446 349 1473 ac
377 1440 584 1485 potestate,
606 1435 715 1485 quod
746 1434 851 1485 apud
882 1447 1082 1486 quemque
1114 1442 1217 1474 esset
1248 1447 1378 1473 emere
1409 1435 1532 1481 vellet,

161 1503 280 1553 idque
320 1502 355 1541 ei
393 1501 536 1548 liceret,
569 1501 652 1540 fore
691 1502 757 1549 uti,
791 1502 900 1552 quod
941 1503 1108 1554 quisque
1150 1502 1275 1549 vellet,
1311 1503 1390 1541 sive
1431 1509 1534 1541 esset

100 1584 140 1615 95
162 1569 312 1617 venale,
333 1569 413 1607 sive
434 1581 517 1607 non
541 1575 656 1616 esset,
679 1569 813 1620 quanti
842 1568 955 1608 vellet
984 1569 1164 1608 auferret.
1225 1569 1341 1608 Dicet
1372 1569 1533 1620 aliquis:

162 1640 172 1657 ‘
189 1636 283 1676 Noli
311 1637 387 1675 isto
413 1635 536 1674 modo
564 1648 682 1686 agere
711 1648 801 1675 cum
829 1635 975 1675 Verre:
1008 1637 1088 1675 noli
1117 1637 1202 1676 eius
1224 1637 1328 1676 facta
1356 1637 1407 1675 ad
1435 1638 1534 1675 anti·

162 1717 263 1757 quae
301 1704 502 1755 religionis
541 1704 735 1742 rationem
779 1703 1006 1754 exquirere:
1057 1704 1248 1751 concede,
1289 1710 1332 1742 ut
1370 1704 1533 1755 impune

161 1772 310 1820 emerit,
339 1771 463 1811 modo
498 1777 540 1810 ut
574 1772 682 1810 bona
716 1771 867 1810 ratione
904 1771 1052 1818 emerit,
1085 1771 1179 1809 nihil
1216 1784 1288 1822 pro
1326 1778 1532 1823 potestate,

161 1839 255 1879 nihil
277 1840 327 1879 ab
347 1839 480 1886 invito,
502 1838 597 1877 nihil
619 1851 688 1890 per
709 1837 915 1876 iniuriam!
959 1837 1022 1877 Sic
1043 1851 1172 1888 agam.
1217 1838 1258 1877 Si
1279 1839 1376 1889 quid
1398 1839 1534 1877 venale

82 1922 142 1945 100
160 1907 298 1947 habuit
318 1906 446 1945 Heius
459 1920 469 1955 ;
501 1907 533 1945 si
554 1906 603 1953 id,
627 1906 764 1957 quanti
785 1905 1029 1953 aestimabat,
1052 1907 1149 1944 tanti
1171 1906 1367 1945 vendidit:
1395 1906 1533 1944 desino

162 1986 361 2025 quaerere,
384 1986 453 2013 cur
473 1974 625 2012 emeris.

221 2051 255 2090 5.
287 2039 397 2088 Quid
431 2041 547 2091 igitur
583 2040 698 2078 nobis
729 2040 958 2080 faciundum
994 2043 1079 2080 est?
1140 2041 1249 2080 Num
1291 2042 1533 2091 argumentis

164 2110 353 2149 utendum
387 2110 428 2148 in
461 2122 502 2148 re
538 2110 759 2148 eiusmodi?
819 2109 1105 2158 Quaerendum
1136 2119 1207 2157 est,
1240 2111 1371 2156 credo,
1405 2109 1534 2147 Heius

162 2178 234 2217 iste
269 2189 366 2215 num
400 2188 467 2215 aes
497 2176 667 2214 alienum
698 2176 888 2224 habuerit,
921 2190 1015 2216 num
1047 2178 1273 2217 auctionem
1305 2177 1460 2216 fecerit:
1503 2177 1534 2214 si

81 2262 140 2295 105
163 2244 264 2291 fecit,
285 2256 381 2283 num
402 2250 510 2282 tanta
531 2243 737 2283 difficultas
759 2257 852 2282 eum
880 2245 933 2283 rei
955 2246 1200 2283 nummariae
1224 2245 1402 2290 tenuerit,
1425 2250 1534 2282 tanta

163 2319 328 2362 egestas,
356 2318 464 2350 tanta
493 2312 549 2350 vis
580 2312 775 2362 presserit,
803 2318 846 2350 ut
876 2313 1090 2350 sacrarium
1122 2325 1238 2351 suum
1271 2312 1464 2362 spoliaret,
1495 2319 1536 2348 ut

163 2378 261 2417 deos
282 2379 430 2430 patrios
451 2380 647 2418 venderet.
708 2380 761 2417 At
782 2379 986 2417 hominem
1007 2379 1124 2417 video
1147 2380 1372 2418 auctionem
1397 2378 1535 2416 secisse

164 2445 334 2495 nullam;
365 2446 587 2485 vendidisse
616 2453 770 2496 praeter
791 2445 938 2486 fructus
968 2459 1060 2485 suos
1089 2447 1184 2485 nihil
1205 2457 1422 2496 umquam;
1454 2456 1534 2482 non

842 2525 861 2551 s
