<?xml version="1.0" encoding="UTF-8"?>
<!DOCTYPE html PUBLIC "-//W3C//DTD XHTML 1.0 Transitional//EN"
    "http://www.w3.org/TR/xhtml1/DTD/xhtml1-transitional.dtd">
<html xmlns="http://www.w3.org/1999/xhtml" xml:lang="en" lang="en">
 <head>
  <title>
</title>
<meta http-equiv="Content-Type" content="text/html;charset=utf-8" />
  <meta name='ocr-system' content='tesseract 3.04.00' />
  <meta name='ocr-capabilities' content='ocr_page ocr_carea ocr_par ocr_line ocrx_word'/>
</head>
<body>
  <div class='ocr_page' id='page_1' title='image "./extractsfromcice03ciceuoft_0014.png"; bbox 0 0 1731 2620; ppageno 0'>
   <div class='ocr_carea' id='block_1_1' title="bbox 178 85 1523 123">
    <p class='ocr_par' dir='ltr' id='par_1_1' title="bbox 178 85 1523 123">
     <span class='ocr_line' id='line_1_1' title="bbox 178 85 1523 123; baseline -0.001 0"><span class='ocrx_word' id='word_1_1' title='bbox 178 92 259 123; x_wconf 86' lang='lat'>212</span> <span class='ocrx_word' id='word_1_2' title='bbox 526 85 775 118; x_wconf 78' lang='lat' dir='ltr'><em>EXTRACTS</em></span> <span class='ocrx_word' id='word_1_3' title='bbox 806 85 943 117; x_wconf 79' lang='lat' dir='ltr'><em>FROM</em></span> <span class='ocrx_word' id='word_1_4' title='bbox 972 85 1155 119; x_wconf 82' lang='lat' dir='ltr'><em>CICERO.</em></span> <span class='ocrx_word' id='word_1_5' title='bbox 1376 88 1457 120; x_wconf 84' lang='lat' dir='ltr'>Sect.</span> <span class='ocrx_word' id='word_1_6' title='bbox 1482 88 1523 122; x_wconf 89' lang='lat' dir='ltr'>V.</span> 
     </span>
    </p>
   </div>
   <div class='ocr_carea' id='block_1_2' title="bbox 161 188 1606 2435">
    <p class='ocr_par' dir='ltr' id='par_1_2' title="bbox 161 188 1606 2092">
     <span class='ocr_line' id='line_1_2' title="bbox 231 188 1522 240; baseline 0.001 -13"><span class='ocrx_word' id='word_1_7' title='bbox 231 199 266 238; x_wconf 86' lang='lat'>5.</span> <span class='ocrx_word' id='word_1_8' title='bbox 300 189 346 227; x_wconf 92' lang='lat' dir='ltr'>In</span> <span class='ocrx_word' id='word_1_9' title='bbox 369 189 567 240; x_wconf 80' lang='lat' dir='ltr'>provincia</span> <span class='ocrx_word' id='word_1_10' title='bbox 588 201 678 227; x_wconf 86' lang='lat' dir='ltr'>vero</span> <span class='ocrx_word' id='word_1_11' title='bbox 700 188 785 239; x_wconf 89' lang='lat' dir='ltr'>ipsa</span> <span class='ocrx_word' id='word_1_12' title='bbox 807 188 838 227; x_wconf 92' lang='lat' dir='ltr'>si</span> <span class='ocrx_word' id='word_1_13' title='bbox 865 201 983 239; x_wconf 88' lang='lat' dir='ltr'>quem</span> <span class='ocrx_word' id='word_1_14' title='bbox 1012 200 1054 228; x_wconf 92' lang='lat' dir='ltr'>es</span> <span class='ocrx_word' id='word_1_15' title='bbox 1081 194 1230 236; x_wconf 89' lang='lat' dir='ltr'>nactus,</span> <span class='ocrx_word' id='word_1_16' title='bbox 1255 188 1320 240; x_wconf 93' lang='lat' dir='ltr'>qui</span> <span class='ocrx_word' id='word_1_17' title='bbox 1351 188 1389 227; x_wconf 91' lang='lat' dir='ltr'>in</span> <span class='ocrx_word' id='word_1_18' title='bbox 1417 194 1522 228; x_wconf 88' lang='lat' dir='ltr'>tuam</span> 
     </span>
     <span class='ocr_line' id='line_1_3' title="bbox 175 254 1525 306; baseline 0.001 -14"><span class='ocrx_word' id='word_1_19' title='bbox 175 254 472 294; x_wconf 80' lang='lat' dir='ltr'>familiaritatem</span> <span class='ocrx_word' id='word_1_20' title='bbox 494 255 647 306; x_wconf 85' lang='lat' dir='ltr'>penitus</span> <span class='ocrx_word' id='word_1_21' title='bbox 678 255 836 301; x_wconf 89' lang='lat' dir='ltr'>intrarit,</span> <span class='ocrx_word' id='word_1_22' title='bbox 857 255 923 305; x_wconf 88' lang='lat' dir='ltr'>qui</span> <span class='ocrx_word' id='word_1_23' title='bbox 951 255 1066 294; x_wconf 92' lang='lat' dir='ltr'>nobis</span> <span class='ocrx_word' id='word_1_24' title='bbox 1096 262 1187 294; x_wconf 89' lang='lat' dir='ltr'>ante</span> <span class='ocrx_word' id='word_1_25' title='bbox 1213 254 1326 294; x_wconf 90' lang='lat' dir='ltr'>fuerit</span> <span class='ocrx_word' id='word_1_26' title='bbox 1353 255 1525 305; x_wconf 89' lang='lat' dir='ltr'>ignotus,</span> 
     </span>
     <span class='ocr_line' id='line_1_4' title="bbox 174 321 1606 374; baseline -0.001 -13"><span class='ocrx_word' id='word_1_27' title='bbox 174 321 266 361; x_wconf 83' lang='lat' dir='ltr'>huic</span> <span class='ocrx_word' id='word_1_28' title='bbox 296 330 488 374; x_wconf 89' lang='lat' dir='ltr'>quantum</span> <span class='ocrx_word' id='word_1_29' title='bbox 520 321 760 360; x_wconf 91' lang='lat' dir='ltr'>credendum</span> <span class='ocrx_word' id='word_1_30' title='bbox 792 322 840 360; x_wconf 89' lang='lat' dir='ltr'>sit</span> <span class='ocrx_word' id='word_1_31' title='bbox 870 321 967 367; x_wconf 87' lang='lat' dir='ltr'>vide,</span> <span class='ocrx_word' id='word_1_32' title='bbox 998 333 1080 360; x_wconf 91' lang='lat' dir='ltr'>non</span> <span class='ocrx_word' id='word_1_33' title='bbox 1111 322 1205 372; x_wconf 88' lang='lat' dir='ltr'>quin</span> <span class='ocrx_word' id='word_1_34' title='bbox 1235 321 1387 373; x_wconf 87' lang='lat' dir='ltr'>possint</span> <span class='ocrx_word' id='word_1_35' title='bbox 1415 321 1526 361; x_wconf 89' lang='lat' dir='ltr'>multi</span> <span class='ocrx_word' id='word_1_36' title='bbox 1546 334 1606 369; x_wconf 83' lang='lat'>¹55</span> 
     </span>
     <span class='ocr_line' id='line_1_5' title="bbox 173 387 1524 439; baseline 0.001 -12"><span class='ocrx_word' id='word_1_37' title='bbox 173 401 259 427; x_wconf 87' lang='lat' dir='ltr'>csse</span> <span class='ocrx_word' id='word_1_38' title='bbox 298 388 554 439; x_wconf 63' lang='lat' dir='ltr'>proxinciales</span> <span class='ocrx_word' id='word_1_39' title='bbox 584 388 651 426; x_wconf 87' lang='lat' dir='ltr'>viri</span> <span class='ocrx_word' id='word_1_40' title='bbox 682 388 790 434; x_wconf 91' lang='lat' dir='ltr'>boni,</span> <span class='ocrx_word' id='word_1_41' title='bbox 823 388 891 426; x_wconf 90' lang='lat' dir='ltr'>sed</span> <span class='ocrx_word' id='word_1_42' title='bbox 930 387 1006 427; x_wconf 89' lang='lat' dir='ltr'>hoc</span> <span class='ocrx_word' id='word_1_43' title='bbox 1041 400 1197 439; x_wconf 88' lang='lat' dir='ltr'>sperare</span> <span class='ocrx_word' id='word_1_44' title='bbox 1226 388 1326 435; x_wconf 87' lang='lat' dir='ltr'>licet,</span> <span class='ocrx_word' id='word_1_45' title='bbox 1354 388 1524 428; x_wconf 85' lang='lat' dir='ltr'>iudicare</span> 
     </span>
     <span class='ocr_line' id='line_1_6' title="bbox 171 454 1523 506; baseline 0.001 -15"><span class='ocrx_word' id='word_1_46' title='bbox 171 456 434 505; x_wconf 83' lang='lat' dir='ltr'>periculosum</span> <span class='ocrx_word' id='word_1_47' title='bbox 456 463 526 494; x_wconf 90' lang='lat' dir='ltr'>est.</span> <span class='ocrx_word' id='word_1_48' title='bbox 587 454 722 493; x_wconf 86' lang='lat' dir='ltr'>Multis</span> <span class='ocrx_word' id='word_1_49' title='bbox 750 455 853 493; x_wconf 90' lang='lat' dir='ltr'>enim</span> <span class='ocrx_word' id='word_1_50' title='bbox 883 455 1175 494; x_wconf 84' lang='lat' dir='ltr'>simulationum</span> <span class='ocrx_word' id='word_1_51' title='bbox 1197 455 1404 495; x_wconf 87' lang='lat' dir='ltr'>involucris</span> <span class='ocrx_word' id='word_1_52' title='bbox 1426 455 1523 506; x_wconf 88' lang='lat' dir='ltr'>tegi-</span> 
     </span>
     <span class='ocr_line' id='line_1_7' title="bbox 172 521 1524 573; baseline 0.001 -14"><span class='ocrx_word' id='word_1_53' title='bbox 172 529 232 559; x_wconf 90' lang='lat' dir='ltr'>tur</span> <span class='ocrx_word' id='word_1_54' title='bbox 273 531 309 559; x_wconf 89' lang='lat' dir='ltr'>et</span> <span class='ocrx_word' id='word_1_55' title='bbox 349 522 458 572; x_wconf 82' lang='lat' dir='ltr'>quasi</span> <span class='ocrx_word' id='word_1_56' title='bbox 500 521 593 560; x_wconf 84' lang='lat' dir='ltr'>velis</span> <span class='ocrx_word' id='word_1_57' title='bbox 638 521 873 571; x_wconf 90' lang='lat' dir='ltr'>quibusdam</span> <span class='ocrx_word' id='word_1_58' title='bbox 910 521 1135 560; x_wconf 87' lang='lat' dir='ltr'>obtenditur</span> <span class='ocrx_word' id='word_1_59' title='bbox 1179 522 1293 560; x_wconf 89' lang='lat' dir='ltr'>unius</span> <span class='ocrx_word' id='word_1_60' title='bbox 1336 521 1524 573; x_wconf 90' lang='lat' dir='ltr'>cuiusque</span> 
     </span>
     <span class='ocr_line' id='line_1_8' title="bbox 171 588 1522 638; baseline 0.001 -13"><span class='ocrx_word' id='word_1_61' title='bbox 171 596 329 626; x_wconf 82' lang='lat' dir='ltr'>natura:</span> <span class='ocrx_word' id='word_1_62' title='bbox 365 588 485 633; x_wconf 88' lang='lat' dir='ltr'>frons,</span> <span class='ocrx_word' id='word_1_63' title='bbox 507 588 619 633; x_wconf 87' lang='lat' dir='ltr'>oculi,</span> <span class='ocrx_word' id='word_1_64' title='bbox 645 588 769 625; x_wconf 79' lang='lat' dir='ltr'>vultus</span> <span class='ocrx_word' id='word_1_65' title='bbox 803 600 990 638; x_wconf 83' lang='lat' dir='ltr'>persaepe</span> <span class='ocrx_word' id='word_1_66' title='bbox 1011 588 1264 635; x_wconf 84' lang='lat' dir='ltr'>mentiuntur,</span> <span class='ocrx_word' id='word_1_67' title='bbox 1285 588 1410 627; x_wconf 90' lang='lat' dir='ltr'>oratio</span> <span class='ocrx_word' id='word_1_68' title='bbox 1431 599 1522 627; x_wconf 88' lang='lat' dir='ltr'>vero</span> 
     </span>
     <span class='ocr_line' id='line_1_9' title="bbox 170 654 1606 705; baseline -0.001 -13"><span class='ocrx_word' id='word_1_69' title='bbox 170 655 407 704; x_wconf 74' lang='lat' dir='ltr'>saepissime.</span> <span class='ocrx_word' id='word_1_70' title='bbox 469 654 600 702; x_wconf 83' lang='lat' dir='ltr'>Quam</span> <span class='ocrx_word' id='word_1_71' title='bbox 632 655 684 693; x_wconf 92' lang='lat' dir='ltr'>ob</span> <span class='ocrx_word' id='word_1_72' title='bbox 712 667 791 692; x_wconf 90' lang='lat' dir='ltr'>rem</span> <span class='ocrx_word' id='word_1_73' title='bbox 821 655 886 704; x_wconf 92' lang='lat' dir='ltr'>qui</span> <span class='ocrx_word' id='word_1_74' title='bbox 915 662 1027 704; x_wconf 89' lang='lat' dir='ltr'>potes</span> <span class='ocrx_word' id='word_1_75' title='bbox 1055 655 1220 704; x_wconf 89' lang='lat' dir='ltr'>reperire</span> <span class='ocrx_word' id='word_1_76' title='bbox 1241 667 1289 693; x_wconf 89' lang='lat' dir='ltr'>ex</span> <span class='ocrx_word' id='word_1_77' title='bbox 1310 666 1359 693; x_wconf 90' lang='lat' dir='ltr'>eo</span> <span class='ocrx_word' id='word_1_78' title='bbox 1379 666 1525 705; x_wconf 87' lang='lat' dir='ltr'>genere</span> <span class='ocrx_word' id='word_1_79' title='bbox 1544 658 1606 691; x_wconf 86' lang='lat'>160</span> 
     </span>
     <span class='ocr_line' id='line_1_10' title="bbox 169 720 1524 772; baseline 0.002 -14"><span class='ocrx_word' id='word_1_80' title='bbox 169 720 386 765; x_wconf 82' lang='lat' dir='ltr'>hominum,</span> <span class='ocrx_word' id='word_1_81' title='bbox 409 722 472 772; x_wconf 90' lang='lat' dir='ltr'>qui</span> <span class='ocrx_word' id='word_1_82' title='bbox 505 722 694 771; x_wconf 77' lang='lat' dir='ltr'>pecuniae</span> <span class='ocrx_word' id='word_1_83' title='bbox 726 721 936 771; x_wconf 89' lang='lat' dir='ltr'>cupiditate</span> <span class='ocrx_word' id='word_1_84' title='bbox 967 720 1124 759; x_wconf 86' lang='lat' dir='ltr'>adducti</span> <span class='ocrx_word' id='word_1_85' title='bbox 1152 728 1307 760; x_wconf 87' lang='lat' dir='ltr'>careant</span> <span class='ocrx_word' id='word_1_86' title='bbox 1333 721 1380 761; x_wconf 88' lang='lat' dir='ltr'>iis</span> <span class='ocrx_word' id='word_1_87' title='bbox 1406 721 1524 760; x_wconf 91' lang='lat' dir='ltr'>rebus</span> 
     </span>
     <span class='ocr_line' id='line_1_11' title="bbox 169 787 1521 838; baseline 0.002 -14"><span class='ocrx_word' id='word_1_88' title='bbox 169 788 362 833; x_wconf 79' lang='lat' dir='ltr'>omnibus,</span> <span class='ocrx_word' id='word_1_89' title='bbox 385 800 406 824; x_wconf 86' lang='lat' dir='ltr'>a</span> <span class='ocrx_word' id='word_1_90' title='bbox 428 788 569 837; x_wconf 82' lang='lat' dir='ltr'>quibus</span> <span class='ocrx_word' id='word_1_91' title='bbox 592 800 665 825; x_wconf 86' lang='lat' dir='ltr'>nos</span> <span class='ocrx_word' id='word_1_92' title='bbox 687 787 822 825; x_wconf 74' lang='lat' dir='ltr'>divulsi</span> <span class='ocrx_word' id='word_1_93' title='bbox 844 799 930 825; x_wconf 91' lang='lat' dir='ltr'>esse</span> <span class='ocrx_word' id='word_1_94' title='bbox 959 799 1038 825; x_wconf 92' lang='lat' dir='ltr'>non</span> <span class='ocrx_word' id='word_1_95' title='bbox 1067 799 1292 838; x_wconf 89' lang='lat' dir='ltr'>possumus,</span> <span class='ocrx_word' id='word_1_96' title='bbox 1314 794 1351 827; x_wconf 91' lang='lat' dir='ltr'>te</span> <span class='ocrx_word' id='word_1_97' title='bbox 1379 795 1521 836; x_wconf 89' lang='lat' dir='ltr'>autern,</span> 
     </span>
     <span class='ocr_line' id='line_1_12' title="bbox 168 852 1520 898; baseline 0.003 -8"><span class='ocrx_word' id='word_1_98' title='bbox 168 852 336 891; x_wconf 85' lang='lat' dir='ltr'>alienum</span> <span class='ocrx_word' id='word_1_99' title='bbox 368 853 580 898; x_wconf 85' lang='lat' dir='ltr'>hominem,</span> <span class='ocrx_word' id='word_1_100' title='bbox 612 861 744 892; x_wconf 86' lang='lat' dir='ltr'>ament</span> <span class='ocrx_word' id='word_1_101' title='bbox 781 866 828 892; x_wconf 86' lang='lat' dir='ltr'>ex</span> <span class='ocrx_word' id='word_1_102' title='bbox 860 854 994 891; x_wconf 87' lang='lat' dir='ltr'>animo</span> <span class='ocrx_word' id='word_1_103' title='bbox 1025 866 1070 892; x_wconf 92' lang='lat' dir='ltr'>ac</span> <span class='ocrx_word' id='word_1_104' title='bbox 1100 865 1181 892; x_wconf 93' lang='lat' dir='ltr'>non</span> <span class='ocrx_word' id='word_1_105' title='bbox 1220 854 1281 893; x_wconf 92' lang='lat' dir='ltr'>sui</span> <span class='ocrx_word' id='word_1_106' title='bbox 1319 854 1520 894; x_wconf 89' lang='lat' dir='ltr'>commodi</span> 
     </span>
     <span class='ocr_line' id='line_1_13' title="bbox 168 919 1520 972; baseline 0.002 -15"><span class='ocrx_word' id='word_1_107' title='bbox 168 931 284 958; x_wconf 86' lang='lat' dir='ltr'>causa</span> <span class='ocrx_word' id='word_1_108' title='bbox 314 920 526 958; x_wconf 84' lang='lat' dir='ltr'>simulent?</span> <span class='ocrx_word' id='word_1_109' title='bbox 585 920 682 958; x_wconf 83' lang='lat' dir='ltr'>Mihi</span> <span class='ocrx_word' id='word_1_110' title='bbox 723 919 882 970; x_wconf 86' lang='lat' dir='ltr'>quidem</span> <span class='ocrx_word' id='word_1_111' title='bbox 925 931 1185 970; x_wconf 84' lang='lat' dir='ltr'>permagnum</span> <span class='ocrx_word' id='word_1_112' title='bbox 1216 920 1377 967; x_wconf 87' lang='lat' dir='ltr'>videtur,</span> <span class='ocrx_word' id='word_1_113' title='bbox 1408 933 1520 972; x_wconf 89' lang='lat' dir='ltr'>prae-</span> 
     </span>
     <span class='ocr_line' id='line_1_14' title="bbox 167 986 1603 1040; baseline 0.001 -15"><span class='ocrx_word' id='word_1_114' title='bbox 167 989 298 1025; x_wconf 83' lang='lat' dir='ltr'>sertim</span> <span class='ocrx_word' id='word_1_115' title='bbox 320 988 351 1026; x_wconf 89' lang='lat' dir='ltr'>si</span> <span class='ocrx_word' id='word_1_116' title='bbox 372 988 490 1026; x_wconf 85' lang='lat' dir='ltr'>iidem</span> <span class='ocrx_word' id='word_1_117' title='bbox 514 987 694 1026; x_wconf 88' lang='lat' dir='ltr'>homines</span> <span class='ocrx_word' id='word_1_118' title='bbox 716 988 907 1038; x_wconf 86' lang='lat' dir='ltr'>privatum</span> <span class='ocrx_word' id='word_1_119' title='bbox 931 999 1012 1025; x_wconf 90' lang='lat' dir='ltr'>non</span> <span class='ocrx_word' id='word_1_120' title='bbox 1034 986 1113 1025; x_wconf 91' lang='lat' dir='ltr'>fere</span> <span class='ocrx_word' id='word_1_121' title='bbox 1133 999 1388 1038; x_wconf 87' lang='lat' dir='ltr'>quemquam,</span> <span class='ocrx_word' id='word_1_122' title='bbox 1408 1000 1520 1040; x_wconf 90' lang='lat' dir='ltr'>prae·</span> <span class='ocrx_word' id='word_1_123' title='bbox 1542 988 1603 1031; x_wconf 84' lang='lat'>165</span> 
     </span>
     <span class='ocr_line' id='line_1_15' title="bbox 166 1054 1521 1106; baseline 0.001 -13"><span class='ocrx_word' id='word_1_124' title='bbox 166 1062 269 1093; x_wconf 91' lang='lat' dir='ltr'>tores</span> <span class='ocrx_word' id='word_1_125' title='bbox 298 1067 452 1105; x_wconf 87' lang='lat' dir='ltr'>semper</span> <span class='ocrx_word' id='word_1_126' title='bbox 477 1067 617 1093; x_wconf 88' lang='lat' dir='ltr'>ornnes</span> <span class='ocrx_word' id='word_1_127' title='bbox 648 1062 790 1093; x_wconf 88' lang='lat' dir='ltr'>amant.</span> <span class='ocrx_word' id='word_1_128' title='bbox 851 1054 945 1102; x_wconf 86' lang='lat' dir='ltr'>Quo</span> <span class='ocrx_word' id='word_1_129' title='bbox 975 1066 1022 1093; x_wconf 87' lang='lat' dir='ltr'>ex</span> <span class='ocrx_word' id='word_1_130' title='bbox 1051 1066 1196 1104; x_wconf 87' lang='lat' dir='ltr'>genere</span> <span class='ocrx_word' id='word_1_131' title='bbox 1224 1055 1255 1093; x_wconf 91' lang='lat' dir='ltr'>si</span> <span class='ocrx_word' id='word_1_132' title='bbox 1282 1067 1402 1106; x_wconf 90' lang='lat' dir='ltr'>quem</span> <span class='ocrx_word' id='word_1_133' title='bbox 1422 1054 1521 1094; x_wconf 88' lang='lat' dir='ltr'>forte</span> 
     </span>
     <span class='ocr_line' id='line_1_16' title="bbox 166 1119 1519 1173; baseline 0.001 -14"><span class='ocrx_word' id='word_1_134' title='bbox 166 1120 219 1159; x_wconf 88' lang='lat' dir='ltr'>tui</span> <span class='ocrx_word' id='word_1_135' title='bbox 250 1121 432 1171; x_wconf 83' lang='lat' dir='ltr'>cognosti</span> <span class='ocrx_word' id='word_1_136' title='bbox 463 1122 722 1160; x_wconf 86' lang='lat' dir='ltr'>amantiorem</span> <span class='ocrx_word' id='word_1_137' title='bbox 747 1119 848 1173; x_wconf 87' lang='lat' dir='ltr'>(fieri</span> <span class='ocrx_word' id='word_1_138' title='bbox 879 1121 980 1159; x_wconf 90' lang='lat' dir='ltr'>enim</span> <span class='ocrx_word' id='word_1_139' title='bbox 1010 1121 1152 1171; x_wconf 91' lang='lat' dir='ltr'>potuit)</span> <span class='ocrx_word' id='word_1_140' title='bbox 1174 1133 1295 1172; x_wconf 90' lang='lat' dir='ltr'>quam</span> <span class='ocrx_word' id='word_1_141' title='bbox 1319 1122 1519 1173; x_wconf 89' lang='lat' dir='ltr'>temporis,</span> 
     </span>
     <span class='ocr_line' id='line_1_17' title="bbox 163 1187 1518 1229; baseline 0.002 -3"><span class='ocrx_word' id='word_1_142' title='bbox 163 1187 268 1227; x_wconf 88' lang='lat' dir='ltr'>hunc</span> <span class='ocrx_word' id='word_1_143' title='bbox 295 1200 386 1226; x_wconf 90' lang='lat' dir='ltr'>vero</span> <span class='ocrx_word' id='word_1_144' title='bbox 417 1189 466 1226; x_wconf 88' lang='lat' dir='ltr'>ad</span> <span class='ocrx_word' id='word_1_145' title='bbox 495 1196 602 1226; x_wconf 87' lang='lat' dir='ltr'>tuum</span> <span class='ocrx_word' id='word_1_146' title='bbox 633 1200 840 1226; x_wconf 88' lang='lat' dir='ltr'>numerum</span> <span class='ocrx_word' id='word_1_147' title='bbox 868 1187 1036 1226; x_wconf 87' lang='lat' dir='ltr'>libentur</span> <span class='ocrx_word' id='word_1_148' title='bbox 1065 1187 1273 1228; x_wconf 86' lang='lat' dir='ltr'>ascribito:</span> <span class='ocrx_word' id='word_1_149' title='bbox 1303 1189 1364 1228; x_wconf 90' lang='lat' dir='ltr'>sin</span> <span class='ocrx_word' id='word_1_150' title='bbox 1388 1196 1518 1229; x_wconf 89' lang='lat' dir='ltr'>autem</span> 
     </span>
     <span class='ocr_line' id='line_1_18' title="bbox 164 1254 1518 1306; baseline 0.003 -14"><span class='ocrx_word' id='word_1_151' title='bbox 164 1255 202 1293; x_wconf 90' lang='lat' dir='ltr'>id</span> <span class='ocrx_word' id='word_1_152' title='bbox 232 1267 313 1294; x_wconf 90' lang='lat' dir='ltr'>non</span> <span class='ocrx_word' id='word_1_153' title='bbox 343 1255 565 1306; x_wconf 80' lang='lat' dir='ltr'>perspicies.</span> <span class='ocrx_word' id='word_1_154' title='bbox 588 1255 736 1293; x_wconf 90' lang='lat' dir='ltr'>nullum</span> <span class='ocrx_word' id='word_1_155' title='bbox 767 1267 892 1305; x_wconf 83' lang='lat' dir='ltr'>genus</span> <span class='ocrx_word' id='word_1_156' title='bbox 923 1255 994 1293; x_wconf 89' lang='lat' dir='ltr'>erit</span> <span class='ocrx_word' id='word_1_157' title='bbox 1022 1255 1062 1293; x_wconf 91' lang='lat' dir='ltr'>in</span> <span class='ocrx_word' id='word_1_158' title='bbox 1094 1254 1350 1295; x_wconf 86' lang='lat' dir='ltr'>familiaritate</span> <span class='ocrx_word' id='word_1_159' title='bbox 1377 1268 1518 1296; x_wconf 90' lang='lat' dir='ltr'>caven·</span> 
     </span>
     <span class='ocr_line' id='line_1_19' title="bbox 163 1311 1601 1372; baseline 0.001 -13"><span class='ocrx_word' id='word_1_160' title='bbox 163 1321 256 1359; x_wconf 91' lang='lat' dir='ltr'>dum</span> <span class='ocrx_word' id='word_1_161' title='bbox 283 1322 422 1371; x_wconf 85' lang='lat' dir='ltr'>magis,</span> <span class='ocrx_word' id='word_1_162' title='bbox 443 1330 650 1372; x_wconf 85' lang='lat' dir='ltr'>propterea</span> <span class='ocrx_word' id='word_1_163' title='bbox 678 1321 786 1372; x_wconf 90' lang='lat' dir='ltr'>quod</span> <span class='ocrx_word' id='word_1_164' title='bbox 814 1328 851 1359; x_wconf 92' lang='lat' dir='ltr'>et</span> <span class='ocrx_word' id='word_1_165' title='bbox 875 1333 1015 1359; x_wconf 89' lang='lat' dir='ltr'>omnes</span> <span class='ocrx_word' id='word_1_166' title='bbox 1041 1321 1122 1360; x_wconf 87' lang='lat' dir='ltr'>vias</span> <span class='ocrx_word' id='word_1_167' title='bbox 1151 1322 1343 1372; x_wconf 87' lang='lat' dir='ltr'>pecuniae</span> <span class='ocrx_word' id='word_1_168' title='bbox 1373 1311 1518 1363; x_wconf 81' lang='lat' dir='ltr'>norunt</span> <span class='ocrx_word' id='word_1_169' title='bbox 1540 1334 1601 1369; x_wconf 85' lang='lat'>170</span> 
     </span>
     <span class='ocr_line' id='line_1_20' title="bbox 163 1387 1516 1438; baseline 0.003 -13"><span class='ocrx_word' id='word_1_170' title='bbox 163 1395 200 1425; x_wconf 93' lang='lat' dir='ltr'>et</span> <span class='ocrx_word' id='word_1_171' title='bbox 221 1388 355 1426; x_wconf 90' lang='lat' dir='ltr'>omnia</span> <span class='ocrx_word' id='word_1_172' title='bbox 383 1388 572 1438; x_wconf 90' lang='lat' dir='ltr'>pecuniae</span> <span class='ocrx_word' id='word_1_173' title='bbox 594 1400 712 1426; x_wconf 88' lang='lat' dir='ltr'>causa</span> <span class='ocrx_word' id='word_1_174' title='bbox 733 1387 878 1426; x_wconf 86' lang='lat' dir='ltr'>faciunt</span> <span class='ocrx_word' id='word_1_175' title='bbox 905 1394 954 1434; x_wconf 92' lang='lat' dir='ltr'>et,</span> <span class='ocrx_word' id='word_1_176' title='bbox 975 1388 1135 1437; x_wconf 90' lang='lat' dir='ltr'>quicum</span> <span class='ocrx_word' id='word_1_177' title='bbox 1157 1387 1291 1427; x_wconf 92' lang='lat' dir='ltr'>victuri</span> <span class='ocrx_word' id='word_1_178' title='bbox 1311 1401 1394 1428; x_wconf 92' lang='lat' dir='ltr'>non</span> <span class='ocrx_word' id='word_1_179' title='bbox 1414 1397 1516 1437; x_wconf 89' lang='lat' dir='ltr'>sunt,</span> 
     </span>
     <span class='ocr_line' id='line_1_21' title="bbox 162 1454 1518 1506; baseline 0.003 -14"><span class='ocrx_word' id='word_1_180' title='bbox 162 1454 244 1492; x_wconf 88' lang='lat' dir='ltr'>eius</span> <span class='ocrx_word' id='word_1_181' title='bbox 283 1454 559 1493; x_wconf 87' lang='lat' dir='ltr'>existimationi</span> <span class='ocrx_word' id='word_1_182' title='bbox 599 1454 801 1493; x_wconf 89' lang='lat' dir='ltr'>consulere</span> <span class='ocrx_word' id='word_1_183' title='bbox 841 1465 922 1492; x_wconf 93' lang='lat' dir='ltr'>non</span> <span class='ocrx_word' id='word_1_184' title='bbox 962 1461 1107 1493; x_wconf 84' lang='lat' dir='ltr'>curant.</span> <span class='ocrx_word' id='word_1_185' title='bbox 1167 1454 1301 1506; x_wconf 89' lang='lat' dir='ltr'>Atque</span> <span class='ocrx_word' id='word_1_186' title='bbox 1339 1455 1457 1495; x_wconf 89' lang='lat' dir='ltr'>etiam</span> <span class='ocrx_word' id='word_1_187' title='bbox 1495 1469 1518 1496; x_wconf 90' lang='lat' dir='ltr'>e</span> 
     </span>
     <span class='ocr_line' id='line_1_22' title="bbox 162 1519 1517 1572; baseline 0.003 -14"><span class='ocrx_word' id='word_1_188' title='bbox 162 1519 325 1559; x_wconf 88' lang='lat' dir='ltr'>Graecis</span> <span class='ocrx_word' id='word_1_189' title='bbox 345 1520 439 1571; x_wconf 89' lang='lat' dir='ltr'>ipsis</span> <span class='ocrx_word' id='word_1_190' title='bbox 461 1520 664 1572; x_wconf 84' lang='lat' dir='ltr'>diligenter</span> <span class='ocrx_word' id='word_1_191' title='bbox 685 1520 881 1560; x_wconf 85' lang='lat' dir='ltr'>cavendae</span> <span class='ocrx_word' id='word_1_192' title='bbox 904 1528 992 1559; x_wconf 90' lang='lat' dir='ltr'>sunt</span> <span class='ocrx_word' id='word_1_193' title='bbox 1013 1520 1211 1571; x_wconf 86' lang='lat' dir='ltr'>quaedam</span> <span class='ocrx_word' id='word_1_194' title='bbox 1238 1520 1517 1562; x_wconf 85' lang='lat' dir='ltr'>familiaritates</span> 
     </span>
     <span class='ocr_line' id='line_1_23' title="bbox 162 1586 1518 1638; baseline 0.003 -13"><span class='ocrx_word' id='word_1_195' title='bbox 162 1594 314 1637; x_wconf 88' lang='lat' dir='ltr'>praeter</span> <span class='ocrx_word' id='word_1_196' title='bbox 342 1587 548 1626; x_wconf 89' lang='lat' dir='ltr'>hominum</span> <span class='ocrx_word' id='word_1_197' title='bbox 579 1599 879 1638; x_wconf 86' lang='lat' dir='ltr'>perpaucorum,</span> <span class='ocrx_word' id='word_1_198' title='bbox 910 1586 941 1625; x_wconf 90' lang='lat' dir='ltr'>si</span> <span class='ocrx_word' id='word_1_199' title='bbox 971 1586 1037 1637; x_wconf 88' lang='lat' dir='ltr'>qui</span> <span class='ocrx_word' id='word_1_200' title='bbox 1067 1594 1158 1625; x_wconf 89' lang='lat' dir='ltr'>sunt</span> <span class='ocrx_word' id='word_1_201' title='bbox 1191 1594 1319 1627; x_wconf 92' lang='lat' dir='ltr'>vetere</span> <span class='ocrx_word' id='word_1_202' title='bbox 1349 1587 1518 1629; x_wconf 90' lang='lat' dir='ltr'>Graecia</span> 
     </span>
     <span class='ocr_line' id='line_1_24' title="bbox 163 1652 1598 1706; baseline 0.002 -14"><span class='ocrx_word' id='word_1_203' title='bbox 163 1654 281 1702; x_wconf 80' lang='lat' dir='ltr'>digni.</span> <span class='ocrx_word' id='word_1_204' title='bbox 343 1652 407 1692; x_wconf 90' lang='lat' dir='ltr'>Sic</span> <span class='ocrx_word' id='word_1_205' title='bbox 434 1665 525 1692; x_wconf 86' lang='lat' dir='ltr'>vero</span> <span class='ocrx_word' id='word_1_206' title='bbox 553 1653 710 1692; x_wconf 85' lang='lat' dir='ltr'>fallaces</span> <span class='ocrx_word' id='word_1_207' title='bbox 740 1660 830 1692; x_wconf 88' lang='lat' dir='ltr'>sunt</span> <span class='ocrx_word' id='word_1_208' title='bbox 859 1653 1040 1704; x_wconf 88' lang='lat' dir='ltr'>permulti</span> <span class='ocrx_word' id='word_1_209' title='bbox 1070 1660 1109 1691; x_wconf 90' lang='lat' dir='ltr'>et</span> <span class='ocrx_word' id='word_1_210' title='bbox 1138 1653 1242 1692; x_wconf 92' lang='lat' dir='ltr'>leves</span> <span class='ocrx_word' id='word_1_211' title='bbox 1271 1661 1310 1693; x_wconf 89' lang='lat' dir='ltr'>et</span> <span class='ocrx_word' id='word_1_212' title='bbox 1337 1655 1518 1694; x_wconf 89' lang='lat' dir='ltr'>diuturna</span> <span class='ocrx_word' id='word_1_213' title='bbox 1540 1670 1598 1706; x_wconf 84' lang='lat'>¹75</span> 
     </span>
     <span class='ocr_line' id='line_1_25' title="bbox 162 1719 1516 1772; baseline 0.001 -14"><span class='ocrx_word' id='word_1_214' title='bbox 162 1721 341 1758; x_wconf 85' lang='lat' dir='ltr'>servitute</span> <span class='ocrx_word' id='word_1_215' title='bbox 372 1719 422 1758; x_wconf 93' lang='lat' dir='ltr'>ad</span> <span class='ocrx_word' id='word_1_216' title='bbox 453 1719 613 1758; x_wconf 88' lang='lat' dir='ltr'>nimiam</span> <span class='ocrx_word' id='word_1_217' title='bbox 641 1720 953 1758; x_wconf 88' lang='lat' dir='ltr'>adsentationem</span> <span class='ocrx_word' id='word_1_218' title='bbox 981 1719 1130 1758; x_wconf 88' lang='lat' dir='ltr'>eruditi.</span> <span class='ocrx_word' id='word_1_219' title='bbox 1190 1719 1304 1768; x_wconf 89' lang='lat' dir='ltr'>Quos</span> <span class='ocrx_word' id='word_1_220' title='bbox 1323 1733 1401 1772; x_wconf 88' lang='lat' dir='ltr'>ego</span> <span class='ocrx_word' id='word_1_221' title='bbox 1429 1722 1516 1760; x_wconf 91' lang='lat' dir='ltr'>uni-</span> 
     </span>
     <span class='ocr_line' id='line_1_26' title="bbox 161 1786 1516 1839; baseline 0.002 -14"><span class='ocrx_word' id='word_1_222' title='bbox 161 1799 294 1826; x_wconf 71' lang='lat' dir='ltr'>versos</span> <span class='ocrx_word' id='word_1_223' title='bbox 324 1786 499 1826; x_wconf 86' lang='lat' dir='ltr'>adhiberi</span> <span class='ocrx_word' id='word_1_224' title='bbox 529 1786 745 1833; x_wconf 88' lang='lat' dir='ltr'>liberaliter,</span> <span class='ocrx_word' id='word_1_225' title='bbox 776 1788 969 1837; x_wconf 87' lang='lat' dir='ltr'>optimum</span> <span class='ocrx_word' id='word_1_226' title='bbox 1000 1798 1196 1837; x_wconf 90' lang='lat' dir='ltr'>quemque</span> <span class='ocrx_word' id='word_1_227' title='bbox 1224 1787 1396 1839; x_wconf 90' lang='lat' dir='ltr'>hospitio</span> <span class='ocrx_word' id='word_1_228' title='bbox 1420 1789 1516 1828; x_wconf 90' lang='lat' dir='ltr'>ami-</span> 
     </span>
     <span class='ocr_line' id='line_1_27' title="bbox 163 1852 1515 1903; baseline 0.002 -11"><span class='ocrx_word' id='word_1_229' title='bbox 163 1854 328 1903; x_wconf 81' lang='lat' dir='ltr'>citiaque</span> <span class='ocrx_word' id='word_1_230' title='bbox 349 1853 537 1903; x_wconf 79' lang='lat' dir='ltr'>coniungi</span> <span class='ocrx_word' id='word_1_231' title='bbox 558 1853 646 1891; x_wconf 90' lang='lat' dir='ltr'>dico</span> <span class='ocrx_word' id='word_1_232' title='bbox 666 1860 872 1903; x_wconf 84' lang='lat' dir='ltr'>oportere:</span> <span class='ocrx_word' id='word_1_233' title='bbox 904 1853 1046 1891; x_wconf 85' lang='lat' dir='ltr'>nimiae</span> <span class='ocrx_word' id='word_1_234' title='bbox 1073 1852 1354 1894; x_wconf 87' lang='lat' dir='ltr'>familiaritates</span> <span class='ocrx_word' id='word_1_235' title='bbox 1377 1867 1515 1895; x_wconf 88' lang='lat' dir='ltr'>eorum</span> 
     </span>
     <span class='ocr_line' id='line_1_28' title="bbox 163 1919 1516 1969; baseline 0.002 -11"><span class='ocrx_word' id='word_1_236' title='bbox 163 1932 291 1969; x_wconf 88' lang='lat' dir='ltr'>neque</span> <span class='ocrx_word' id='word_1_237' title='bbox 322 1927 402 1958; x_wconf 89' lang='lat' dir='ltr'>tam</span> <span class='ocrx_word' id='word_1_238' title='bbox 433 1919 566 1958; x_wconf 84' lang='lat' dir='ltr'>fideles</span> <span class='ocrx_word' id='word_1_239' title='bbox 596 1926 685 1957; x_wconf 90' lang='lat' dir='ltr'>sunt</span> <span class='ocrx_word' id='word_1_240' title='bbox 712 1920 811 1967; x_wconf 92' lang='lat' dir='ltr'>(non</span> <span class='ocrx_word' id='word_1_241' title='bbox 836 1919 941 1958; x_wconf 87' lang='lat' dir='ltr'>enirn</span> <span class='ocrx_word' id='word_1_242' title='bbox 972 1919 1116 1958; x_wconf 90' lang='lat' dir='ltr'>audent</span> <span class='ocrx_word' id='word_1_243' title='bbox 1147 1920 1342 1960; x_wconf 87' lang='lat' dir='ltr'>adversari</span> <span class='ocrx_word' id='word_1_244' title='bbox 1370 1922 1516 1961; x_wconf 88' lang='lat' dir='ltr'>nostris</span> 
     </span>
     <span class='ocr_line' id='line_1_29' title="bbox 163 1985 1598 2034; baseline 0.003 -11"><span class='ocrx_word' id='word_1_245' title='bbox 163 1985 444 2034; x_wconf 84' lang='lat' dir='ltr'>voluntatibus)</span> <span class='ocrx_word' id='word_1_246' title='bbox 477 1992 515 2024; x_wconf 93' lang='lat' dir='ltr'>et</span> <span class='ocrx_word' id='word_1_247' title='bbox 548 1985 721 2024; x_wconf 87' lang='lat' dir='ltr'>invident</span> <span class='ocrx_word' id='word_1_248' title='bbox 754 1997 837 2024; x_wconf 89' lang='lat' dir='ltr'>non</span> <span class='ocrx_word' id='word_1_249' title='bbox 871 1986 1014 2024; x_wconf 86' lang='lat' dir='ltr'>nostris</span> <span class='ocrx_word' id='word_1_250' title='bbox 1049 1985 1188 2033; x_wconf 90' lang='lat' dir='ltr'>solum,</span> <span class='ocrx_word' id='word_1_251' title='bbox 1224 1998 1359 2026; x_wconf 91' lang='lat' dir='ltr'>verum</span> <span class='ocrx_word' id='word_1_252' title='bbox 1398 1987 1515 2026; x_wconf 86' lang='lat' dir='ltr'>etiam</span> <span class='ocrx_word' id='word_1_253' title='bbox 1537 1997 1598 2030; x_wconf 85' lang='lat'>180</span> 
     </span>
     <span class='ocr_line' id='line_1_30' title="bbox 163 2053 254 2092; baseline -0.022 0"><span class='ocrx_word' id='word_1_254' title='bbox 163 2053 254 2092; x_wconf 85' lang='lat' dir='ltr'>suis.</span> 
     </span>
    </p>

    <p class='ocr_par' dir='ltr' id='par_1_3' title="bbox 163 2118 1592 2435">
     <span class='ocr_line' id='line_1_31' title="bbox 219 2118 1514 2170; baseline 0.004 -14"><span class='ocrx_word' id='word_1_255' title='bbox 219 2119 254 2156; x_wconf 90' lang='lat'>6.</span> <span class='ocrx_word' id='word_1_256' title='bbox 284 2118 370 2157; x_wconf 89' lang='lat' dir='ltr'>Iam</span> <span class='ocrx_word' id='word_1_257' title='bbox 391 2118 458 2169; x_wconf 91' lang='lat' dir='ltr'>qui</span> <span class='ocrx_word' id='word_1_258' title='bbox 488 2119 526 2156; x_wconf 92' lang='lat' dir='ltr'>in</span> <span class='ocrx_word' id='word_1_259' title='bbox 553 2118 746 2158; x_wconf 90' lang='lat' dir='ltr'>eiusmodi</span> <span class='ocrx_word' id='word_1_260' title='bbox 771 2119 900 2161; x_wconf 89' lang='lat' dir='ltr'>rebus,</span> <span class='ocrx_word' id='word_1_261' title='bbox 922 2119 962 2157; x_wconf 89' lang='lat' dir='ltr'>in</span> <span class='ocrx_word' id='word_1_262' title='bbox 991 2119 1132 2170; x_wconf 91' lang='lat' dir='ltr'>quibus</span> <span class='ocrx_word' id='word_1_263' title='bbox 1158 2132 1292 2160; x_wconf 91' lang='lat' dir='ltr'>vereor</span> <span class='ocrx_word' id='word_1_264' title='bbox 1318 2120 1437 2160; x_wconf 89' lang='lat' dir='ltr'>etiam</span> <span class='ocrx_word' id='word_1_265' title='bbox 1462 2133 1514 2162; x_wconf 90' lang='lat' dir='ltr'>ne</span> 
     </span>
     <span class='ocr_line' id='line_1_32' title="bbox 164 2184 1513 2238; baseline 0.003 -15"><span class='ocrx_word' id='word_1_266' title='bbox 164 2184 294 2223; x_wconf 85' lang='lat' dir='ltr'>durior</span> <span class='ocrx_word' id='word_1_267' title='bbox 323 2185 407 2231; x_wconf 85' lang='lat' dir='ltr'>sim,</span> <span class='ocrx_word' id='word_1_268' title='bbox 431 2191 566 2224; x_wconf 90' lang='lat' dir='ltr'>cautus</span> <span class='ocrx_word' id='word_1_269' title='bbox 593 2197 680 2224; x_wconf 84' lang='lat' dir='ltr'>esse</span> <span class='ocrx_word' id='word_1_270' title='bbox 709 2185 823 2224; x_wconf 89' lang='lat' dir='ltr'>velim</span> <span class='ocrx_word' id='word_1_271' title='bbox 851 2197 897 2224; x_wconf 91' lang='lat' dir='ltr'>ac</span> <span class='ocrx_word' id='word_1_272' title='bbox 928 2185 1104 2236; x_wconf 88' lang='lat' dir='ltr'>diligens,</span> <span class='ocrx_word' id='word_1_273' title='bbox 1125 2199 1207 2238; x_wconf 92' lang='lat' dir='ltr'>quo</span> <span class='ocrx_word' id='word_1_274' title='bbox 1235 2199 1299 2226; x_wconf 92' lang='lat' dir='ltr'>me</span> <span class='ocrx_word' id='word_1_275' title='bbox 1319 2187 1453 2227; x_wconf 90' lang='lat' dir='ltr'>animo</span> <span class='ocrx_word' id='word_1_276' title='bbox 1471 2188 1513 2228; x_wconf 91' lang='lat' dir='ltr'>in</span> 
     </span>
     <span class='ocr_line' id='line_1_33' title="bbox 164 2251 1513 2302; baseline 0.004 -13"><span class='ocrx_word' id='word_1_277' title='bbox 164 2251 282 2290; x_wconf 88' lang='lat' dir='ltr'>servis</span> <span class='ocrx_word' id='word_1_278' title='bbox 311 2262 398 2290; x_wconf 89' lang='lat' dir='ltr'>esse</span> <span class='ocrx_word' id='word_1_279' title='bbox 428 2252 592 2290; x_wconf 87' lang='lat' dir='ltr'>censes?</span> <span class='ocrx_word' id='word_1_280' title='bbox 622 2263 723 2302; x_wconf 89' lang='lat' dir='ltr'>quos</span> <span class='ocrx_word' id='word_1_281' title='bbox 762 2251 920 2302; x_wconf 90' lang='lat' dir='ltr'>quidem</span> <span class='ocrx_word' id='word_1_282' title='bbox 960 2264 1082 2302; x_wconf 90' lang='lat' dir='ltr'>quum</span> <span class='ocrx_word' id='word_1_283' title='bbox 1120 2253 1304 2293; x_wconf 90' lang='lat' dir='ltr'>omnibus</span> <span class='ocrx_word' id='word_1_284' title='bbox 1342 2254 1383 2292; x_wconf 90' lang='lat' dir='ltr'>in</span> <span class='ocrx_word' id='word_1_285' title='bbox 1416 2253 1513 2294; x_wconf 92' lang='lat' dir='ltr'>locis</span> 
     </span>
     <span class='ocr_line' id='line_1_34' title="bbox 163 2318 1592 2370; baseline 0.001 -15"><span class='ocrx_word' id='word_1_286' title='bbox 163 2324 245 2355; x_wconf 87' lang='lat' dir='ltr'>tum</span> <span class='ocrx_word' id='word_1_287' title='bbox 266 2318 475 2367; x_wconf 89' lang='lat' dir='ltr'>praecipue</span> <span class='ocrx_word' id='word_1_288' title='bbox 497 2318 535 2356; x_wconf 92' lang='lat' dir='ltr'>in</span> <span class='ocrx_word' id='word_1_289' title='bbox 557 2318 765 2369; x_wconf 86' lang='lat' dir='ltr'>provinciis</span> <span class='ocrx_word' id='word_1_290' title='bbox 785 2331 920 2368; x_wconf 83' lang='lat' dir='ltr'>regere</span> <span class='ocrx_word' id='word_1_291' title='bbox 937 2318 1137 2358; x_wconf 90' lang='lat' dir='ltr'>debemus.</span> <span class='ocrx_word' id='word_1_292' title='bbox 1188 2318 1282 2367; x_wconf 89' lang='lat' dir='ltr'>Quo</span> <span class='ocrx_word' id='word_1_293' title='bbox 1303 2319 1352 2358; x_wconf 94' lang='lat' dir='ltr'>de</span> <span class='ocrx_word' id='word_1_294' title='bbox 1367 2332 1512 2370; x_wconf 86' lang='lat' dir='ltr'>genere</span> <span class='ocrx_word' id='word_1_295' title='bbox 1535 2325 1592 2367; x_wconf 79' lang='lat'>¹85</span> 
     </span>
     <span class='ocr_line' id='line_1_35' title="bbox 163 2383 1512 2435; baseline 0.004 -14"><span class='ocrx_word' id='word_1_296' title='bbox 163 2383 283 2422; x_wconf 87' lang='lat' dir='ltr'>multa</span> <span class='ocrx_word' id='word_1_297' title='bbox 306 2383 479 2434; x_wconf 89' lang='lat' dir='ltr'>praecipi</span> <span class='ocrx_word' id='word_1_298' title='bbox 507 2391 684 2435; x_wconf 88' lang='lat' dir='ltr'>possunt,</span> <span class='ocrx_word' id='word_1_299' title='bbox 705 2383 774 2424; x_wconf 86' lang='lat' dir='ltr'>sed</span> <span class='ocrx_word' id='word_1_300' title='bbox 803 2384 878 2422; x_wconf 91' lang='lat' dir='ltr'>hoc</span> <span class='ocrx_word' id='word_1_301' title='bbox 906 2391 943 2424; x_wconf 90' lang='lat' dir='ltr'>et</span> <span class='ocrx_word' id='word_1_302' title='bbox 972 2385 1244 2426; x_wconf 88' lang='lat' dir='ltr'>brevissimum</span> <span class='ocrx_word' id='word_1_303' title='bbox 1265 2392 1324 2426; x_wconf 88' lang='lat' dir='ltr'>est</span> <span class='ocrx_word' id='word_1_304' title='bbox 1349 2392 1389 2426; x_wconf 85' lang='lat' dir='ltr'>et</span> <span class='ocrx_word' id='word_1_305' title='bbox 1406 2385 1512 2426; x_wconf 84' lang='lat' dir='ltr'>facil-</span> 
     </span>
    </p>
   </div>
  </div>
 </body>
</html>
