1747 2620
207 82 246 115 11.
271 91 302 114 2.
447 72 635 113 ROME'S
665 81 794 112 RULE
827 81 886 112 OF
918 81 1015 112 HER
1050 81 1339 114 PROVINCES.
1504 87 1587 130 225

145 200 184 233 55
207 184 319 235 quasi
341 184 539 236 quaedam
560 184 722 236 praedia
749 184 887 236 populi
909 184 1085 224 Romani
1115 192 1206 224 sunt
1227 186 1432 237 vectigalia
1452 194 1587 226 nostra

206 259 324 305 atque
345 253 584 304 provinciae,
603 252 947 304 quemadmodum
968 254 1205 305 propinquis
1228 267 1298 294 vos
1319 256 1456 294 vestris
1472 268 1586 306 prae-

205 320 279 360 diis
309 322 483 360 maxime
514 321 776 369 delectamini,
800 321 857 361 sic
887 321 1039 373 populo
1072 321 1261 361 Romano
1292 323 1467 362 iucunda
1496 325 1587 363 sub—

204 389 406 427 urbanitas
428 395 487 428 est
508 388 673 429 huiusce
700 390 941 440 provinciae.
1002 389 1089 428 Iam
1117 402 1211 428 vero
1239 390 1449 429 hominurn
1479 392 1587 442 ipso-

204 469 304 504 rum,
327 457 489 504 iudices,
513 470 560 496 ea
582 457 772 508 patientia
793 459 915 496 virtus
937 458 1220 511 frugalitasque
1243 467 1313 507 est,
1335 467 1378 498 ut
1405 461 1586 511 proxime

143 531 185 564 60
203 524 255 563 ad
292 531 471 564 nostram
507 525 756 576 disciplinam
787 526 892 564 illam
923 532 1108 574 veterem,
1140 539 1225 565 non
1260 527 1312 566 ad
1347 527 1452 567 hanc
1484 541 1585 579 quae

203 605 311 632 nunc
341 593 567 641 increbruit,
590 594 797 632 videantur
822 593 1023 633 accedere.
1084 593 1194 633 Nihil
1215 602 1438 634 ceterorum
1460 597 1585 635 simile

204 660 477 701 Graecorum:
509 662 615 700 nulla
636 662 798 706 desidia,
822 662 929 702 nulla
956 663 1131 711 luxuria;
1165 670 1303 702 contra
1325 677 1506 704 summus
1531 665 1584 704 la-

204 730 276 768 bor
296 730 337 767 in
359 730 528 780 publicis
549 731 794 782 privatisque
817 731 947 778 rebus,
966 743 1124 770 summa
1150 732 1405 782 parsimonia,
1428 745 1586 772 summa

202 797 416 848 diligentia.
477 798 542 838 Sic
572 810 691 850 porro
723 806 885 838 nostros
916 798 1100 838 homines
1129 800 1309 852 diligunt,
1331 808 1373 839 ut
1401 801 1461 840 his
1490 802 1584 840 solis

142 869 180 911 65
202 878 333 917 neque
354 866 603 917 publicanus,
625 879 757 918 neque
785 867 1010 918 negotiator
1031 868 1126 906 odio
1156 868 1216 906 sit.
1277 867 1583 919 Magistratuum

202 941 336 974 autem
351 941 580 974 nostrorum
601 935 762 974 iniurias
784 935 836 974 ita
857 935 1074 974 multorum
1095 936 1280 980 tulerunt,
1296 943 1339 975 ut
1363 949 1583 988 numquam

202 1010 293 1042 ante
313 1003 392 1042 hoc
413 1010 571 1055 tempus
593 1004 644 1042 ad
664 1016 774 1043 aram
794 1003 930 1055 legum
952 1004 1274 1056 praesidiumque
1292 1011 1466 1044 vestrum
1482 1007 1582 1057 pub-

202 1069 280 1109 lico
301 1072 470 1111 consilio
488 1072 763 1123 confugerint:
792 1073 948 1111 tametsi
971 1079 1009 1111 et
1031 1072 1140 1111 illum
1158 1084 1310 1111 annum
1331 1073 1582 1124 pertulerant,

202 1139 269 1190 qui
291 1139 346 1179 sic
369 1152 439 1179 eos
468 1140 668 1188 afflixerat,
690 1147 733 1179 ut
760 1140 854 1179 salvi
882 1153 969 1179 esse
998 1152 1082 1179 non
1110 1147 1286 1192 possent,
1309 1141 1384 1180 nisi
1406 1141 1450 1180 C.
1474 1141 1581 1180 Mar-

142 1220 182 1255 70
201 1206 323 1246 cellus
357 1207 472 1258 quasi
508 1208 641 1259 aliquo
672 1207 753 1247 fato
789 1207 972 1255 venisset,
1003 1215 1047 1247 ut
1081 1208 1143 1247 bis
1178 1221 1228 1248 ex
1264 1208 1406 1247 eadem
1435 1209 1582 1248 familia

201 1274 306 1314 salus
337 1274 490 1315 Siciliae
519 1276 834 1324 constitueretur,
864 1283 902 1315 et
935 1281 1077 1327 postea
1104 1275 1162 1314 M.
1187 1276 1354 1316 Antonii
1384 1277 1581 1316 infinitum

200 1343 296 1383 illud
314 1343 526 1395 imperium
555 1351 771 1384 senserant.
832 1343 896 1383 Sic
925 1357 948 1382 a
975 1344 1193 1383 maioribus
1222 1345 1302 1384 suis
1332 1354 1580 1396 acceperant,

200 1417 309 1452 tanta
329 1412 469 1464 populi
490 1411 668 1451 Romani
690 1414 728 1451 in
751 1412 906 1451 Siculos
928 1424 1016 1451 esse
1043 1413 1249 1460 beneficia,
1271 1420 1313 1452 ut
1334 1414 1453 1452 etiam
1481 1415 1580 1454 iniu-

199 1479 275 1519 rias
302 1486 530 1519 nostrorum
557 1480 766 1519 hominum
794 1480 1050 1532 perferendas
1072 1488 1267 1532 putarent.
1328 1481 1451 1521 Hunc
1473 1482 1580 1522 deni-

140 1561 177 1595 75
200 1560 278 1600 que
306 1549 438 1599 ipsum
467 1548 731 1599 pertulissent,
755 1548 787 1587 si
814 1547 993 1587 humano
1021 1549 1159 1596 modo,
1182 1550 1213 1588 si
1234 1550 1379 1588 usitato
1400 1562 1525 1599 more,
1547 1551 1578 1590 si

199 1616 371 1668 denique
401 1629 484 1655 uno
520 1616 653 1668 aliquo
689 1616 730 1655 in
759 1629 906 1668 genere
937 1624 1153 1668 peccasset.
1215 1617 1305 1661 Sed,
1337 1631 1461 1669 quum
1491 1632 1579 1671 per-

198 1684 298 1724 ferre
328 1696 411 1723 non
442 1691 609 1735 possent
639 1685 846 1732 luxuriem,
880 1685 1165 1734 crudelitatem,
1196 1687 1410 1735 avaritiam,
1442 1699 1578 1739 super-

196 1751 329 1801 biam;
371 1765 495 1805 quum
526 1752 662 1792 omnia
698 1765 769 1791 sua
800 1754 1028 1801 commoda,
1057 1754 1155 1805 jura,
1188 1754 1382 1794 beneficia
1416 1763 1577 1795 senatus

197 1820 415 1873 populique
455 1819 643 1868 Romani,
676 1821 793 1860 unius
829 1821 976 1861 scelere
1018 1835 1064 1861 ac
1102 1821 1265 1861 libidine
1299 1822 1575 1873 perdidissent,

133 1897 176 1929 80
195 1888 273 1928 hoc
295 1895 526 1937 statuerunt,
549 1894 614 1927 aut
635 1889 746 1928 istius
767 1889 928 1928 iniurias
957 1902 1028 1941 per
1055 1902 1126 1929 vos
1153 1890 1289 1929 ulcisci
1311 1903 1358 1930 ac
1379 1892 1574 1943 persequi,

194 1963 272 2004 aut,
304 1957 336 1996 si
367 1957 480 1997 vobis
515 1957 668 2008 indigni
698 1964 832 1996 essent
862 1958 944 2005 visi,
976 1958 1120 2009 quibus
1152 1971 1273 2009 opem
1305 1958 1573 2010 auxiliumque

194 2024 357 2071 ferretis,
378 2026 496 2064 urbes
519 2038 565 2065 ac
587 2026 702 2064 sedes
730 2038 822 2065 suas
849 2025 1082 2077 relinquere,
1104 2026 1433 2078 quandoquidem
1454 2039 1573 2078 agros

195 2092 272 2131 iam
295 2100 385 2132 ante
405 2093 515 2133 istius
537 2093 684 2133 iniuriis
709 2094 897 2145 exagitati
918 2093 1178 2145 reliquissent.

614 2260 654 2295 2.
690 2254 767 2294 lee
790 2254 888 2296 Case
908 2255 957 2306 os
969 2254 1140 2306 Sopater.

253 2369 286 2397 1.
318 2356 490 2409 Sopater
529 2357 691 2409 quidam
733 2357 803 2396 fuit
844 2357 1110 2409 Halicyensis,
1152 2358 1276 2398 homo
1321 2358 1429 2398 domi
1474 2371 1569 2398 suae

191 2437 284 2464 cuin
319 2426 455 2476 primis
489 2425 668 2477 locuples
704 2433 821 2477 atque
857 2425 1058 2465 honestus.
1119 2425 1159 2465 Is
1194 2428 1244 2465 ab
1279 2426 1447 2465 inimicis
1488 2427 1566 2464 suis
