1731 2620
163 116 244 147 210
302 134 305 137 .
524 109 771 142 EXTRACTS
800 109 934 141 FROM
966 109 1146 142 CICERO.
1357 112 1440 145 Sect.
1463 112 1504 145 V.

162 215 330 252 tenebris
361 226 488 265 neque
519 226 604 251 esse
637 213 821 258 abditam,
853 212 922 250 sed
957 211 997 250 in
1031 211 1117 249 luce
1152 210 1281 257 Asiae,
1312 210 1351 248 in
1385 210 1508 249 oculis
1524 212 1568 253 85-

160 280 395 318 clarissimae
432 280 653 330 provinciae
688 287 804 328 atque
839 279 878 315 in
919 277 1075 315 auribus
1114 277 1292 315 omnium
1330 277 1506 327 gentium

159 358 204 384 ac
240 347 445 384 nationum
480 357 564 384 esse
599 345 795 396 positam?
842 355 922 383 non
962 343 1161 381 itineribus
1194 343 1268 380 tuis
1306 341 1507 392 perterreri

161 412 354 457 homines,
386 424 467 450 non
503 420 660 461 sumptu
691 410 895 457 exhauriri,
928 422 1007 448 non
1043 410 1211 448 adventu
1241 408 1507 448 commoveri?

161 491 245 517 esse
281 491 531 529 quocumque
567 478 717 515 veneris
753 484 790 515 et
823 476 978 526 publice
1014 482 1051 513 et
1084 474 1260 525 privatim
1295 474 1507 512 maximam

160 543 354 591 laetitiam,
383 557 503 594 quum
534 545 625 582 urbs
655 543 858 582 custodem
890 554 970 581 non
1001 550 1219 592 tyrannum,
1244 541 1386 580 domus
1415 540 1508 580 hos·
1524 554 1569 588 90

160 611 279 660 pitem
303 623 382 648 non
405 611 660 661 expilatorem
682 610 875 660 recepisse
898 608 1097 647 videatur?

218 689 251 725 3.
286 675 360 714 His
388 685 518 714 autem
546 677 585 713 in
613 676 727 714 rebus
755 676 830 714 iam
853 682 888 713 te
916 686 1008 713 usus
1035 675 1118 724 ipse
1144 675 1322 725 profecto
1343 675 1506 715 erudivit

161 754 409 792 nequaquam
432 743 522 780 satis
544 755 628 781 esse
657 742 785 792 ipsum
816 741 886 779 has
908 748 943 779 te
972 741 1113 779 habere
1142 741 1310 788 virtutes,
1331 742 1401 780 sed
1421 753 1507 781 esse

162 809 553 858 circumspiciendum
587 809 801 858 diligenter,
831 815 872 846 ut
902 807 941 845 in
972 807 1044 846 hac
1075 807 1251 846 custodia
1284 809 1506 857 provinciae

160 887 241 913 non
262 882 299 912 te
324 887 458 921 unum,
482 875 550 913 sed
578 887 718 913 omnes
745 875 943 913 ministros
972 875 1121 925 imperii
1141 874 1196 912 tui
1223 874 1339 913 sociis
1363 881 1400 913 et
1420 875 1508 914 civi·
1527 885 1568 921 95

160 941 232 979 bus
262 947 299 979 et
328 942 381 979 rei
412 941 591 991 publicae
622 948 816 992 praestare
847 941 1012 979 videare.
1073 939 1324 991 Quamquam
1359 940 1509 991 legatos

161 1007 280 1046 habes
309 1020 390 1053 cos,
417 1008 482 1059 qui
512 1008 586 1057 ipsi
617 1020 687 1057 per
717 1020 758 1046 se
790 1007 953 1045 habituri
984 1007 1060 1045 sint
1090 1007 1282 1045 rationem
1313 1007 1510 1057 dignitatis

160 1086 266 1118 suae,
285 1074 332 1111 de
354 1074 494 1123 quibus
516 1073 666 1112 honore
684 1081 722 1111 et
743 1074 929 1124 dignitate
951 1080 988 1111 et
1004 1080 1129 1112 aetate
1145 1079 1315 1123 praestat
1334 1072 1509 1119 Tubero,

160 1152 277 1189 quem
299 1151 374 1190 ego
397 1140 571 1185 arbitror,
589 1142 815 1190 praesertim
832 1152 953 1190 quum
976 1140 1117 1178 scribat
1137 1139 1349 1187 historiam,
1365 1139 1510 1179 multos

159 1218 206 1243 ex
236 1206 315 1244 suis
343 1206 547 1244 annalibus
577 1219 693 1256 posse
723 1206 892 1256 deligere
922 1218 1023 1256 quos
1043 1205 1132 1243 velit
1152 1212 1189 1243 et
1214 1206 1338 1256 possit
1358 1206 1508 1244 imitari.
1531 1218 1592 1241 100

159 1271 324 1310 Alienus
352 1279 482 1310 autem
512 1281 644 1310 noster
672 1280 729 1311 est
757 1285 877 1323 quum
907 1273 1038 1310 animo
1065 1278 1103 1309 et
1131 1271 1400 1310 benevolentia
1426 1279 1508 1311 tum

159 1349 250 1375 vero
279 1338 395 1376 etiam
426 1339 640 1376 imitatione
669 1339 832 1377 vivendi.
895 1338 998 1376 Nam
1026 1338 1119 1389 quid
1149 1350 1224 1388 ego
1255 1338 1303 1376 de
1331 1338 1508 1379 Gratidio

159 1404 314 1441 dicam?
349 1417 467 1454 quem
499 1412 601 1443 certe
632 1406 713 1444 scio
744 1406 795 1443 ita
826 1405 1002 1443 laborare
1033 1405 1082 1443 de
1112 1405 1396 1444 existimatione
1426 1418 1508 1452 sua,

158 1478 199 1508 ut
221 1478 378 1520 propter
400 1484 575 1509 amorem
597 1472 636 1509 in
658 1483 731 1510 nos
752 1471 964 1509 fraternum
986 1472 1103 1509 etiarn
1125 1471 1173 1509 de
1195 1478 1329 1510 nostra
1347 1472 1508 1511 laboret.

159 1536 419 1583 Quaestorem
441 1537 562 1576 habes
585 1550 665 1576 non
686 1546 753 1576 tuo
781 1537 927 1576 iudicio
948 1537 1155 1584 delectum,
1177 1537 1248 1576 sed
1267 1550 1368 1585 eum,
1391 1551 1508 1589 quem
1532 1550 1591 1584 105

158 1614 242 1641 sors
264 1603 382 1642 dedit.
444 1603 565 1642 Hunc
587 1611 741 1654 oportet
769 1611 806 1642 et
834 1616 904 1642 sua
932 1610 1072 1653 sponte
1100 1615 1186 1641 esse
1205 1604 1450 1643 moderatum
1471 1612 1510 1644 et

157 1669 232 1707 tuis
262 1669 442 1708 institutis
473 1683 518 1708 ac
551 1671 769 1721 praeceptis
801 1671 1086 1720 obtemperare.
1146 1668 1327 1716 Quorum
1362 1671 1393 1709 si
1423 1671 1510 1722 quis

158 1734 257 1773 sorte
280 1742 382 1773 esset
406 1736 611 1783 sordidior,
634 1736 753 1775 ferres
780 1744 953 1782 eatenus,
975 1735 1107 1786 quoad
1133 1747 1203 1785 per
1230 1748 1270 1774 se
1297 1737 1511 1788 negligeret

156 1813 222 1839 eas
251 1801 358 1851 leges
389 1803 528 1852 quibus
559 1810 662 1841 esset
692 1803 881 1849 astrictus,
910 1814 992 1840 non
1021 1808 1063 1839 ut
1092 1813 1139 1839 ea
1167 1807 1361 1851 potestate
1391 1815 1511 1854 quam

156 1874 196 1904 tu
217 1867 267 1905 ad
294 1868 523 1917 dignitatern
551 1870 795 1919 permisisses
823 1870 872 1907 ad
900 1875 1107 1919 quaestum
1131 1874 1308 1906 uteretur.
1369 1869 1510 1921 Neque
1533 1886 1595 1910 110

155 1934 260 1971 enim
291 1934 385 1971 mihi
417 1947 511 1973 sane
542 1936 679 1985 placet,
711 1936 938 1986 praesertim
970 1946 1092 1985 quum
1127 1933 1165 1971 hi
1194 1946 1324 1973 mores
1359 1942 1510 1974 tantum

154 1999 231 2036 iam
267 1999 316 2037 ad
351 2000 513 2038 nimiam
552 2001 749 2039 lenitatem
789 2009 827 2039 et
867 2001 916 2039 ad
957 2000 1211 2038 ambitionem
1249 2001 1505 2050 incubuerint,

155 2066 316 2104 scrutari
347 2072 383 2103 te
413 2078 553 2104 omnes
585 2068 732 2114 sordes,
765 2075 945 2106 excutere
977 2078 1102 2104 unum
1131 2077 1329 2118 quemque
1359 2080 1507 2116 eorum,

155 2132 225 2170 sed
254 2138 402 2182 quanta
432 2133 480 2170 sit
509 2133 548 2169 in
579 2145 737 2183 quoque
768 2133 865 2171 fides
894 2139 1046 2170 tantum
1076 2132 1216 2182 cuique
1252 2134 1508 2173 committere.

155 2198 284 2247 Atque
312 2199 409 2235 inter
437 2197 510 2236 hos
537 2210 616 2245 eos,
639 2210 738 2248 quos
767 2199 836 2236 tibi
857 2199 1020 2236 comites
1053 2203 1090 2234 et
1111 2198 1309 2238 adiutores
1329 2201 1509 2250 negotio·
1531 2216 1590 2248 115

156 2276 241 2301 rum
268 2264 513 2313 publicorum
541 2264 646 2302 dedit
674 2266 758 2314 ipsa
784 2277 845 2302 res
873 2264 1039 2314 publica,
1065 2263 1267 2304 dumtaxat
1294 2265 1434 2304 finibus
1461 2266 1506 2305 iis

156 2331 379 2380 praestabis,
404 2342 504 2380 quos
526 2338 614 2369 ante
636 2332 877 2381 praescripsi.

212 2411 248 2444 4.
279 2396 392 2444 Quos
426 2408 517 2434 vero
553 2404 618 2434 aut
653 2410 701 2436 ex
742 2398 966 2437 domesticis
1003 2398 1313 2440 convictionibus
1353 2409 1417 2441 aut
1455 2414 1504 2441 ex
