1715 2620
0 93 10 189 ι
161 89 256 131 ¹¹·5·
395 77 570 120 nouae’s
598 86 727 120 κυιε
758 87 817 119 ot
845 87 940 119 IIER
974 88 1257 120 Ρκονικςεε.
1419 92 1494 131 241

157 191 308 232 ratione
335 190 563 230 invenirent.
622 189 740 229 Aliud
762 190 991 237 minitando,
1012 191 1116 229 aliud
1138 191 1375 242 pollicendo,
1398 191 1501 229 aliud

157 270 227 310 per
254 268 401 306 servos,
431 255 535 296 aliud
565 268 636 307 per
669 255 823 302 liberos,
854 268 924 307 per
953 257 1123 296 amicum
1153 257 1270 303 aliud,
1299 257 1402 295 aliud
1433 270 1502 308 per

156 322 357 363 inimicum
384 322 644 361 inveniebant.
701 321 904 373 Quidquid
933 322 1003 360 illis
1027 323 1234 373 placuerat,
1256 322 1499 373 perdendum

95 396 248 429 aoerat.
303 387 411 428 Nihil
444 388 548 427 aliud
581 388 772 439 optabant
805 400 973 438 quorum
1009 389 1244 439 poscebatur
1281 397 1500 440 argentum,

155 455 229 495 nisi
248 461 291 495 ut
311 454 478 494 Hieroni
498 462 536 494 et
557 453 794 504 Tlepolemo
815 454 1046 504 displiceret.

211 534 245 562 2.
275 520 426 560 Verum
449 520 673 560 mehercule
702 520 791 567 hoc,
814 520 972 567 iudices,
993 520 1132 558 dicam.
1191 520 1353 560 Memini
1387 522 1498 560 Pam-

153 587 304 640 philum
330 586 642 638 Lilybaetanum,
668 586 864 636 hospitem
892 599 1023 625 meum
1053 595 1090 625 et
1122 587 1304 634 amicum,
1327 588 1498 626 nobilem

152 653 366 700 hominem,
386 652 481 691 mihi
510 664 678 700 narrare,
700 665 820 704 quum
851 653 922 691 iste
952 654 1002 691 ab
1034 665 1119 692 sese
1149 653 1338 704 hydriam,
1361 653 1498 692 Boethi

92 736 132 770 ²5
152 732 274 760 manu
301 719 457 765 saetam,
486 718 687 770 praeclaro
716 730 835 770 opere
865 726 903 757 et
932 720 1071 769 grandi
1102 719 1287 770 pondere,
1313 732 1381 771 per
1411 728 1498 771 pot·

150 794 314 826 estatem
338 785 570 831 abstulisset,
593 797 635 823 se
665 797 759 823 sane
790 785 935 823 tristem
967 793 1004 823 et
1032 787 1304 824 conturbatum
1335 787 1497 825 domum

150 852 362 899 revertisse,
383 850 491 904 quod
516 863 582 890 vas
610 851 815 898 eiusmodi,
837 851 945 902 quod
971 852 1044 890 sibi
1071 865 1093 890 a
1121 861 1228 903 patre
1258 861 1295 891 et
1325 865 1348 891 a
1377 854 1497 891 maio-

150 919 257 959 ribus
285 926 388 958 esset
418 917 605 965 relictum,
627 929 706 969 quo
736 917 870 956 solitus
895 926 996 956 esset
1026 919 1078 957 uti
1109 919 1157 957 ad
1186 919 1305 958 festos
1333 919 1427 964 dies,
1448 919 1497 957 ad

151 984 350 1037 hospitum
378 983 601 1030 adventum,
631 996 654 1022 a
684 996 725 1022 se
755 993 858 1022 esset
889 984 1070 1022 ablatum.
1130 985 1264 1033 Quum
1304 986 1495 1029 sederem,

90 1051 287 1102 aoinquit,
321 1050 429 1090 dorni
462 1050 594 1097 tristis,
629 1051 793 1089 accurrit
828 1049 1042 1089 Venerius:
1084 1052 1188 1090 iubet
1223 1064 1286 1090 me
1326 1051 1496 1102 scyphos

151 1116 337 1168 sigillatos
356 1116 407 1155 ad
426 1124 647 1168 praetorem
668 1117 796 1155 statim
817 1116 966 1155 afferre.
1016 1116 1220 1156 Permotus
1242 1131 1340 1164 sum,
1358 1118 1495 1169 inquit:

150 1183 267 1223 binos
294 1182 512 1222 habebam:
551 1182 667 1221 iubeo
699 1183 825 1233 promi
855 1189 1054 1234 utrosque,
1086 1197 1134 1222 ne
1165 1184 1258 1234 quid
1289 1184 1375 1235 plus
1405 1185 1495 1222 mali

150 1255 385 1296 nasceretur,
405 1255 444 1288 et
469 1260 625 1288 mecum
653 1248 703 1287 ad
732 1249 921 1300 praetoris
948 1249 1110 1288 domum
1137 1250 1236 1289 ferri.
1295 1251 1354 1288 Eo
1375 1263 1495 1301 quum

150 1316 250 1363 veni,
270 1323 424 1367 praetor
451 1315 698 1366 quiescebat:
730 1315 864 1354 fratres
891 1316 942 1354 illi
964 1315 1168 1367 Cibyratae
1191 1317 1494 1356 inambulabunt.

90 1398 132 1432 35
151 1381 244 1432 Qui,
263 1393 327 1422 me
346 1382 412 1422 ubi
440 1381 640 1421 viderunt:
670 1384 680 1401 ⁴
695 1380 772 1420 Ubi
800 1390 900 1428 sunt,
924 1381 1150 1433 Pamphile,'
1173 1384 1364 1434 inquiunt,
1387 1387 1395 1403 ‘
1410 1395 1495 1433 scy-

81 1446 90 1455 ’
150 1447 261 1501 phi?
317 1447 500 1489 Ostendo
520 1448 658 1486 tristis:
689 1447 869 1486 laudant:
899 1448 1041 1498 incipio
1058 1449 1166 1500 queri
1189 1462 1251 1487 me
1273 1449 1366 1487 nihil
1387 1449 1495 1487 habi·

150 1522 291 1562 turum,
306 1514 414 1566 quod
434 1514 596 1554 alicuius
617 1522 719 1554 esset
735 1515 858 1565 pretii,
876 1515 906 1553 si
929 1516 1045 1553 etiam
1068 1516 1202 1567 scyphi
1221 1525 1352 1555 essent
1368 1517 1495 1555 ablati.

149 1579 256 1621 Tum
277 1580 339 1628 illi,
360 1580 425 1620 ubi
445 1592 509 1620 me
529 1582 806 1620 conturbatum
832 1581 984 1620 vident:
1018 1582 1147 1630 ‘Quid
1174 1583 1229 1621 vis
1256 1583 1370 1622 nobis
1391 1583 1494 1629 dare,

149 1655 191 1687 ut
224 1647 285 1687 isti
318 1647 389 1687 abs
424 1654 461 1686 te
498 1659 548 1686 ne
587 1647 858 1686 auferantur?'
918 1647 980 1686 Ne
1015 1649 1144 1695 multa,
1182 1650 1403 1688 ‘sestertios
1436 1660 1496 1688 cm

88 1730 133 1764 ⁴0
150 1712 238 1762 me,'
258 1713 393 1766 inquit,
414 1716 728 1766 'poposcerunu
759 1714 836 1752 dixi
859 1727 922 1753 me
939 1714 1141 1753 daturum!
1202 1715 1329 1755 Vocat
1350 1716 1496 1754 interea

149 1787 327 1832 praetor:
350 1780 522 1831 scyphos
545 1781 682 1831 poscit.
741 1780 847 1819 Tum
870 1781 953 1820 illos
970 1783 1147 1832 coepisse
1165 1783 1332 1834 praetori
1355 1784 1494 1829 dicere,

151 1853 308 1898 putasse
339 1857 395 1893 se,
424 1846 463 1885 id
494 1847 602 1898 quod
632 1847 841 1893 audissent,
874 1847 1034 1886 alicuius
1066 1850 1178 1898 pretii
1209 1849 1380 1899 scyphos
1410 1864 1494 1889 esse

150 1910 364 1965 Pamphili:
393 1911 538 1953 luteum
565 1915 766 1964 negotium
788 1926 899 1952 esse:
930 1926 1010 1952 non
1038 1914 1214 1963 (lignum,
1236 1916 1343 1966 quod
1365 1917 1402 1954 in
1423 1929 1495 1955 suo

149 1985 314 2030 argento
333 1977 476 2019 Verres
496 1978 664 2018 haberet.
722 1980 787 2018 Ait
809 1980 879 2027 ille,
898 1980 1000 2019 idem
1023 1981 1095 2019 sibi
1118 1982 1244 2020 videri.
1307 1982 1364 2021 Ita
1383 1982 1495 2021 Pam—

91 2064 133 2099 ⁴5
151 2043 280 2097 philus
312 2044 483 2097 scyphos
516 2046 688 2097 optimos
722 2045 855 2084 aufert.
916 2046 963 2084 l-It
1000 2047 1220 2087 mehercule
1255 2061 1331 2098 ego
1367 2058 1491 2094 antea,

151 2110 304 2151 tametsi
322 2109 400 2151 hoc
421 2112 555 2151 nescio
575 2112 668 2163 quid
698 2113 945 2161 nugatorium
974 2113 1145 2151 sciebam
1173 2127 1270 2157 csse.
1294 2116 1364 2153 ista
1386 2117 1494 2155 intel-

152 2175 282 2228 ligere,
310 2184 441 2217 tunen
472 2178 599 2217 mirari
635 2178 820 2224 solebam,
853 2179 968 2217 istum
1003 2179 1040 2217 in
1072 2179 1131 2218 his
1160 2181 1253 2232 ipsis
1284 2182 1397 2219 rebus
1429 2183 1494 2221 ali·

152 2254 271 2295 quem
300 2254 458 2283 sensum
488 2243 640 2289 habere,
672 2256 788 2295 quem
819 2245 958 2283 scirem
995 2245 1098 2284 null-t
1134 2246 1171 2284 in
1208 2260 1245 2286 re
1282 2248 1494 2299 quidquam

153 2307 279 2349 simile
298 2307 466 2349 hominis
487 2309 638 2350 habere.

97 2400 142 2436 ρ
211 2387 249 2427 3.
277 2374 385 2416 Tum
411 2377 578 2429 primum
604 2377 783 2423 intellexi,
807 2377 856 2416 ad
883 2391 968 2417 cam
999 2391 1078 2417 rem
1107 2380 1202 2419 istos
1225 2380 1357 2421 fratres
1379 2382 1494 2432 Ciby-
