1731 2620
164 72 246 115 226
524 80 777 114 exraacrs
807 82 946 115 mom
975 82 1162 117 cremo,
1375 84 1457 119 εοα.
1478 84 1518 119 ν.

161 183 266 234 apud
287 182 334 221 C.
360 182 613 222 Sacerdotem
640 192 860 234 praetorem
889 186 941 224 rei
964 185 1140 236 capitalis
1159 197 1283 239 quum
1309 191 1519 226 accusatus

159 256 274 295 esset,
307 249 418 288 facile
449 263 497 289 eo
530 251 673 289 iudicio
702 259 761 289 est
790 251 988 291 liberatus.
1048 252 1154 292 Huic
1184 252 1313 292 eidem
1349 251 1519 304 Sopatro

160 316 276 355 iidem
305 317 451 356 inimici
478 317 529 355 ad
557 316 602 356 C.
624 316 800 365 Verrem,
822 331 944 370 quum
972 319 1003 357 is
1029 317 1232 359 Sacerdoti
1251 319 1517 369 successisset,
1536 330 1554 364 5

159 385 336 423 eiusdem
371 385 424 423 rei
460 396 607 423 nornen
642 385 874 424 detulerunt.
936 385 1017 425 Res
1051 386 1220 438 Sopatro
1254 386 1377 427 facilis
1411 387 1518 428 vide·

160 453 283 499 batur,
315 459 352 490 et
382 451 491 502 quod
520 460 602 490 erat
635 453 837 498 innocens,
868 461 907 492 et
937 453 1046 504 quod
1078 453 1302 493 Sacerdotis
1332 453 1518 494 iudicium

160 519 383 569 improbare
414 520 529 556 istum
561 531 746 557 ausurum
777 532 858 558 non
890 521 1157 560 arbitrabatur.
1217 520 1368 561 Citatur
1405 533 1518 562 reus:

159 598 278 624 causa
308 586 433 635 agitur
462 586 685 635 Syracusis:
718 587 881 625 crimina
903 594 1114 627 tractantur
1140 587 1192 626 ab
1210 595 1439 628 accusatore
1459 601 1518 635 ca,

159 665 260 703 quae
281 661 390 691 erant
412 661 527 690 antea
551 665 631 691 non
653 653 781 691 solum
809 653 1051 701 defensione,
1074 666 1206 693 verum
1228 656 1347 694 etiam
1374 654 1519 695 iudicio
1544 663 1582 686 ¹0

159 720 361 758 dissoluta.
421 720 593 759 Causam
627 721 781 771 Sopatri
813 720 1050 760 defendebat
1079 720 1130 769 Q.
1160 720 1372 769 Minucius,
1396 734 1519 774 eques

162 787 366 826 Romanus
407 788 445 825 in
487 787 620 838 primis
660 787 889 837 splendidus
929 796 1046 839 atque
1086 787 1288 831 honestus.
1318 788 1518 840 vobisque,

160 854 318 900 iudices,
341 866 421 892 non
447 855 615 904 ignotus.
679 853 783 893 Nihil
811 862 893 894 erat
921 856 959 893 in
981 867 1112 902 causa,
1132 855 1243 907 quod
1262 854 1518 895 metuendum

159 930 223 959 aut
244 922 409 960 omnino
430 922 538 972 quod
560 921 819 960 dubitandum
841 922 1041 961 videretur.
1103 922 1258 961 Interea
1277 922 1388 962 istius
1403 922 1518 962 liber·

159 995 219 1026 tus
241 996 278 1026 ct
300 1000 491 1027 accensus
514 988 618 1026 idem
647 987 932 1034 Timarchides,
956 989 1022 1039 qui
1044 996 1115 1035 est,
1136 988 1176 1028 id
1203 988 1312 1039 quod
1331 1000 1380 1028 ex
1400 988 1518 1041 pluri·
1542 1001 1578 1034 ¹5

160 1057 232 1094 mis
257 1056 418 1094 testibus
448 1057 575 1106 priore
603 1057 757 1094 actione
789 1056 987 1102 didicistis,
1017 1068 1145 1095 rerum
1175 1055 1400 1096 huiusmodi
1430 1068 1518 1096 om·

159 1125 267 1162 nium
299 1130 515 1162 transactor
545 1131 583 1162 et
618 1123 856 1167 administer,
888 1123 938 1161 ad
970 1123 1182 1174 Sopatrum
1212 1123 1339 1173 venit;
1380 1130 1519 1164 monet

159 1191 373 1236 hominem,
405 1203 454 1229 ne
489 1191 605 1229 nimis
640 1191 785 1229 iudicio
822 1189 1046 1229 Sacerdotis
1080 1197 1119 1229 et
1148 1202 1292 1230 causae
1321 1189 1517 1233 confidat:

159 1267 407 1298 accusatores
447 1259 705 1309 inimicosque
745 1258 827 1296 eius
868 1257 1010 1297 habere
1052 1258 1091 1296 in
1130 1258 1266 1297 animo
1309 1258 1518 1309 pecuniam

159 1326 326 1376 praetori
353 1325 466 1364 dare:
499 1333 718 1376 praetorem
748 1332 880 1364 tamen
902 1325 954 1364 ob
982 1325 1146 1364 salutem
1175 1324 1290 1364 malle
1317 1325 1518 1377 accipere:
1538 1338 1580 1362 20

157 1401 195 1430 ct
217 1392 330 1431 simul
352 1392 478 1438 malle,
501 1393 531 1431 si
553 1392 632 1431 fieri
658 1399 803 1443 posset,
826 1404 907 1430 rem
938 1392 1147 1430 iudicatam
1175 1403 1256 1430 non
1285 1391 1519 1433 rescindere.

160 1459 336 1510 Sopater,
364 1472 486 1510 quum
518 1459 594 1498 hoc
625 1459 674 1497 illi
705 1459 960 1510 improvisum
991 1467 1109 1510 atque
1139 1458 1388 1510 inopinatum
1417 1459 1519 1500 acci-

158 1527 290 1572 disset,
312 1534 537 1565 commotus
568 1534 627 1565 est
658 1539 764 1573 sane,
792 1537 921 1577 neque
952 1527 989 1564 in
1022 1526 1244 1577 praesentia
1273 1524 1518 1566 Timarchidi

157 1593 251 1645 quid
287 1593 543 1644 responderet
579 1592 724 1639 habuit,
760 1593 834 1631 nisi
869 1605 911 1632 se
946 1592 1285 1631 consideraturum
1319 1591 1414 1644 quid
1445 1592 1518 1632 sibi

157 1661 206 1700 de
237 1674 284 1700 ea
314 1674 354 1700 re
384 1668 487 1699 esset
517 1659 765 1699 faciendum:
805 1667 843 1698 et
873 1659 989 1698 simul
1018 1658 1192 1698 ostendit
1220 1671 1264 1698 se
1291 1659 1332 1698 in
1362 1671 1519 1699 summa
1537 1675 1576 1709 ²5

157 1727 380 1767 difficultate
420 1739 506 1765 esse
547 1727 776 1765 nummaria
837 1725 932 1764 Post
971 1726 1022 1765 ad
1061 1726 1212 1765 amicos
1250 1725 1401 1774 retulit;
1449 1726 1517 1777 qui

157 1808 279 1845 quum
307 1796 342 1833 ei
371 1794 535 1832 fuissent
563 1802 743 1832 auctores
770 1793 1023 1832 redimendae
1052 1792 1198 1840 salutis,
1219 1792 1269 1831 ad
1295 1792 1517 1832 Timarchi-

157 1862 246 1900 dem
268 1862 383 1900 venit.
442 1861 643 1912 Expositis
673 1861 754 1899 suis
783 1860 1085 1907 difficultatibus,
1115 1858 1320 1899 hominem
1349 1859 1402 1899 ad
1430 1858 1515 1900 HS.

159 1943 259 1969 cxxx
281 1929 480 1980 perducit:
511 1940 678 1980 eamque
699 1928 734 1966 ei
760 1929 969 1979 pecuniam
992 1934 1182 1966 numerat.

217 2010 249 2035 2.
281 1997 544 2046 Posteaquam
580 1995 630 2033 ad
666 2007 826 2033 causam
860 1994 1069 2033 dicendam
1104 2000 1265 2032 ventum
1302 2000 1389 2034 est:
1431 2000 1517 2034 tum
1533 2006 1578 2038 30

157 2075 249 2102 vero
284 2064 368 2102 sine
396 2070 516 2109 metu,
549 2063 631 2100 sine
662 2074 755 2100 cura
784 2073 925 2100 omnes
955 2068 1077 2106 erant,
1107 2061 1175 2112 qui
1206 2059 1420 2112 Sopatrum
1449 2061 1517 2100 de·

159 2130 383 2169 sendebant.
443 2128 606 2168 Crimen
627 2128 777 2166 nulium
798 2135 900 2167 erat:
931 2140 994 2167 res
1017 2127 1210 2167 iudicata:
1237 2127 1384 2168 Verres
1402 2139 1517 2168 num-

158 2209 247 2236 mos
276 2204 495 2246 acceperat.
555 2195 656 2244 Quis
686 2202 821 2247 posset
850 2195 1038 2241 dubitare,
1060 2194 1251 2246 quidnam
1280 2200 1387 2235 esset
1413 2193 1516 2234 futu·

160 2263 273 2302 rum?
331 2261 413 2301 Res
434 2263 498 2301 illo
520 2263 582 2301 die
603 2273 685 2300 non
706 2267 931 2312 peroratur:
961 2261 1164 2300 dimittitur
1182 2259 1382 2299 iudicium.
1437 2259 1516 2299 Ite-

160 2343 245 2369 rum
275 2330 326 2369 ad
357 2329 567 2380 Sopatrum
598 2329 872 2368 Timarchides
906 2329 1030 2366 venit:
1073 2327 1126 2366 ait
1154 2332 1404 2366 accusatores
1431 2326 1516 2366 eius
1530 2336 1573 2370 35

161 2399 284 2438 multo
310 2399 499 2438 maiorem
531 2398 739 2448 pecuniam
769 2396 938 2448 praetori
969 2393 1156 2446 polliceri,
1176 2405 1299 2445 quam
1327 2399 1516 2445 quantam
