1731 2620
222 109 241 137 2
251 110 270 149 7
282 108 300 136 2
580 102 641 132 Ex
649 101 737 134 ΤΚΛ
748 100 830 132 CTS
861 100 921 131 FR
929 99 999 131 OM
1027 98 1212 131 CICERO.
1438 100 1516 132 Sect.
1536 104 1571 132 V.

218 216 419 254 quumque
452 215 539 241 eum
572 202 725 252 publice
757 213 828 251 pro
859 201 1033 251 plurimis
1055 199 1137 238 eius
1163 206 1201 238 et
1219 198 1403 239 maximis
1423 199 1571 239 meritis

219 270 375 308 laudare
403 276 601 319 cuperent,
624 280 646 304 a
668 266 710 304 C.
731 266 852 304 Verre
879 266 1098 316 prohibitos
1123 277 1236 304 esse:
1267 265 1444 316 iniquum
1471 277 1570 311 esse,

220 336 371 374 tametsi
428 334 657 372 Peducaeus
701 345 836 370 corum
886 332 1108 370 laudatione
1148 332 1224 370 iam
1269 343 1352 370 non
1389 338 1570 378 uteretur,

221 410 351 440 tamen
383 413 465 439 non
500 401 538 438 id
574 401 679 450 prius
709 399 929 444 decernere,
960 398 1067 449 quod
1106 397 1318 448 aliquando
1348 397 1571 443 voluissent,

220 481 338 518 quarn
361 467 469 517 quod
498 474 579 504 tum
606 473 851 514 cogerentur.
910 464 1173 502 Conclamant
1202 475 1344 501 omnes
1364 469 1402 501 et
1429 475 1570 514 appro-
1591 471 1656 503 350

220 535 314 570 bant
336 534 387 570 ita
415 533 495 570 fieri
528 540 722 581 oportere.
784 530 963 568 Refertur
983 530 1031 567 de
1054 529 1273 568 Peducaeo.
1330 527 1385 567 Ut
1405 530 1571 579 quisque

222 607 345 636 aetate
366 607 403 636 et
423 599 572 635 bonore
603 597 869 641 antecedebat,
891 597 942 633 ita
969 597 1201 634 sententiam
1229 595 1325 633 dixit
1352 607 1400 633 ex
1421 595 1571 633 ordine.

223 666 267 703 ld
289 667 388 703 adeo
403 677 450 703 ex
473 666 559 715 ipso
577 672 736 702 senatus
753 663 933 700 consulto
949 663 1178 711 cognoscite
1197 675 1204 698 :
1238 673 1328 699 narn
1350 662 1572 712 principum

222 733 434 770 sententiae
457 731 642 781 perscribi
665 730 800 766 solent.
855 729 1001 766 Recita.
1051 740 1158 772 QUOD
1180 740 1306 766 VERBA
1326 740 1452 767 FACTA
1472 740 1572 767 sum·

223 812 271 838 nr.
301 812 381 838 sex.
406 810 618 836 auricomo.
678 797 792 841 Dicit,
823 796 896 845 qui'
921 796 1034 845 primi
1066 796 1266 833 suaserint.
1325 795 1570 834 Decernitur.
1592 800 1655 833 355

224 866 404 904 Refertur
435 864 576 902 deinde
608 864 655 901 de
688 862 819 900 Verre.
879 861 966 906 Dic,
997 874 1158 911 quaeso,
1190 862 1422 912 quomodo?
1465 874 1572 906 Quon

223 945 347 970 vnam
368 944 493 970 mem
514 942 612 968 SUNT
636 941 684 967 nrt
710 941 742 967 c.
765 940 903 966 vanna.
964 927 1072 974 Quid
1102 935 1241 977 postea
1270 928 1458 978 scriptum
1488 929 1572 966 est?

222 1011 334 1042 Qumr
372 1008 576 1036 scaenam-
622 1008 729 1033 xmo
770 1006 900 1038 NEQUE
939 1006 1188 1032 saxrssnrmn
1229 1006 1407 1034 DICERET.
1465 993 1573 1041 Quid

223 1067 298 1103 hoc
327 1065 410 1102 est?
445 1075 535 1102 sons
567 1074 750 1100 overrun.
811 1060 1109 1107 Quamobrem?
1168 1060 1300 1099 Nemo
1329 1067 1410 1099 erat
1438 1059 1574 1099 volun-

224 1132 341 1169 tarius
370 1130 547 1168 laudator
578 1137 779 1178 praeturae
811 1135 910 1173 tuae,
941 1126 1125 1165 defensor
1155 1126 1431 1176 periculorum,
1461 1138 1572 1177 prae-
1593 1126 1658 1169 360

224 1198 355 1236 sertim
385 1208 506 1247 quum
538 1195 632 1233 inire
662 1207 684 1231 a
715 1201 894 1244 praetore
926 1193 1091 1242 gratiam
1128 1193 1288 1242 posset?
1327 1204 1456 1231 nemo.
1514 1191 1574 1230 Illi

223 1264 296 1313 ipsi
335 1263 388 1300 tui
428 1262 628 1307 convivae,
670 1260 889 1305 consiliarii,
921 1259 1080 1305 conscii,
1112 1259 1207 1296 socii
1246 1259 1408 1297 verbum
1447 1258 1574 1298 facere

224 1341 306 1367 non
345 1328 551 1366 audebant.
630 1328 760 1376 Atque
800 1327 916 1364 etiam
963 1325 1039 1363 hoc
1087 1337 1151 1363 me
1190 1325 1345 1371 docent,
1381 1325 1574 1363 eiusmodi

224 1404 380 1434 senatus
411 1395 593 1433 consulto
624 1406 709 1432 sese
734 1393 870 1431 secisse
901 1391 1177 1437 laudationem,
1199 1398 1241 1430 ut
1270 1402 1410 1430 omnes
1438 1391 1575 1430 intelli-

224 1475 315 1512 gere
355 1470 516 1513 possent
557 1473 638 1499 non
674 1460 951 1504 laudationem,
983 1458 1053 1497 sed
1083 1458 1214 1508 potius
1243 1458 1461 1497 irrisionem
1489 1470 1575 1497 esse
1595 1456 1658 1499 365

224 1529 339 1575 illam,
370 1541 470 1580 quae
501 1526 860 1566 commonefaceret
898 1525 1006 1562 istius
1046 1531 1200 1575 turpem
1230 1524 1577 1576 calamitosamque

225 1603 455 1645 praeturam.
525 1593 682 1631 Etenim
723 1593 912 1641 scriptum
951 1602 1038 1629 esse
1077 1591 1150 1628 ita:
1194 1601 1302 1634 Quon
1340 1590 1412 1628 iste
1450 1602 1578 1630 vmcls

224 1674 404 1700 Nssmxmt
429 1672 670 1700 cncmrssm:
711 1671 734 1696 a
764 1670 844 1708 quo
875 1657 1128 1707 cognoscetis
1156 1656 1422 1695 nobilissimos
1449 1655 1576 1695 homi-

225 1740 295 1766 nes
315 1736 431 1778 atque
452 1725 801 1765 innocentissimos
823 1724 948 1762 securi
969 1735 1054 1762 esse
1076 1734 1309 1773 percussos:
1349 1721 1426 1760 hoc
1445 1728 1577 1760 autem

225 1794 412 1844 scriptum
441 1794 569 1838 etiam,
600 1792 708 1842 quod
738 1790 911 1842 proferre
940 1802 1022 1828 non
1052 1790 1212 1828 auderet
1241 1801 1341 1836 reus,
1372 1795 1578 1827 accusator
1597 1793 1662 1829 370

225 1861 386 1899 recitare
417 1871 498 1898 non
531 1859 750 1897 desineret:
781 1869 889 1900 Quor)
923 1867 1147 1895 PRAEDONES
1178 1867 1331 1894 paoem.
1361 1867 1411 1893 AB
1436 1866 1578 1894 msuLA

225 1940 364 1966 srcrmA
403 1937 680 1965 Paomssmssm·
720 1935 892 1962 VERRES:
938 1934 1040 1972 quos
1074 1923 1191 1961 etiam
1228 1921 1330 1960 intra
1367 1920 1578 1972 Syracusa-

226 2005 319 2031 nam
338 1992 516 2031 Insulam
537 1991 759 2040 recepisset.
818 1988 933 2036 Quae
954 1996 1212 2038 posteaquam
1231 1999 1280 2026 ex
1301 1987 1373 2026 illis
1393 1987 1577 2038 cognovi,

228 2059 388 2098 discessi
417 2070 508 2096 cum
533 2057 649 2094 fratre
676 2068 697 2094 e
725 2055 841 2101 curia,
862 2062 904 2093 ut
930 2055 1045 2093 nobis
1071 2054 1309 2101 absentibus,
1331 2053 1363 2092 si
1385 2053 1480 2104 quid
1498 2052 1577 2093 vel·

226 2126 318 2172 lent,
340 2125 605 2163 decernerent.
1459 2116 1464 2121 ’
1596 2122 1656 2159 37ἐ

287 2206 346 2240 14.
376 2191 606 2229 Decernunt
641 2189 795 2227 statim:
830 2188 1012 2239 primum,
1039 2199 1094 2227 υτ
1127 2199 1209 2227 erm
1241 2199 1277 2226 L.
1298 2199 1455 2226 FRATRE
1484 2198 1576 2227 nos-

227 2271 364 2299 PITIUM
394 2268 556 2296 PUBmcE
588 2267 742 2300 meam,
772 2254 880 2304 quod
919 2254 951 2292 is
989 2253 1171 2292 eamdem
1204 2253 1446 2292 voluntatem
1484 2265 1577 2304 erga

229 2322 496 2372 Syracusanos
527 2318 773 2367 suscepisset,
795 2329 914 2367 quam
944 2328 1020 2366 ego
1048 2329 1203 2367 semper
1231 2316 1470 2355 habuissem.
1527 2316 1576 2355 Id

228 2399 310 2426 non
348 2387 469 2426 modo
504 2393 586 2423 tum
622 2383 869 2433 scripserunt,
906 2395 1040 2421 verum
1069 2383 1186 2422 etiam
1218 2383 1260 2421 in
1291 2394 1380 2422 aere
1408 2383 1575 2422 incisum
