1747 2620
155 78 198 111 11.
224 89 277 121 13.
398 67 577 110 RoME’S
607 78 737 110 RULE
770 78 830 110 or*
859 78 958 109 ΗΕΒ
996 78 1282 111 PROVINCES.
1436 72 1519 125 265

153 186 442 234 immortalium,
477 186 540 225 hic
581 187 699 225 etiam
738 187 904 226 deorum
943 195 1204 226 monumenta
1245 196 1363 239 atque
1404 199 1519 226 orna-

153 259 290 292 menta
310 253 514 292 sustulerit.

75 337 135 361 ιιο
210 329 246 369 5.
277 319 364 358 Iam
393 333 486 359 vero
516 321 612 372 quid
641 333 717 372 ego
749 321 798 360 de
829 321 948 360 valvis
978 321 1079 360 illius
1109 322 1244 372 templi
1275 333 1519 361 commemo-

152 388 263 427 rem?
319 386 472 426 Vereor
504 400 554 426 ne
589 387 688 427 haec
720 389 787 439 qui
822 401 904 428 non
935 389 1100 427 viderint
1134 389 1270 428 omnia
1304 401 1368 427 me
1403 389 1519 427 nimis

153 466 298 505 augere
314 460 432 506 atque
452 467 593 494 ornare
615 456 850 494 arbitrentur
869 470 876 493 ε
906 456 1014 506 quod
1030 462 1164 494 tamen
1186 468 1306 494 nemo
1329 456 1519 506 suspicari

154 522 281 570 debet,
312 529 394 561 tam
421 535 508 562 esse
536 535 600 561 me
632 523 833 573 cupidum,
865 530 907 561 ut
936 529 992 562 tot
1021 523 1126 561 viros
1157 523 1365 573 primarios
1392 523 1518 569 velim,

153 589 382 640 praesertim
413 602 462 628 ex
493 590 668 628 iudicum
700 602 880 638 numero,
916 590 984 641 qui
1020 590 1225 641 Syracusis
1257 590 1412 637 fuerint,
1454 590 1520 641 qui

74 656 252 700 ¹15haec
285 656 462 703 viderint,
495 669 581 695 esse
621 657 829 696 temeritati
870 664 908 696 et
946 657 1156 696 mendacio
1191 670 1283 696 meo
1324 658 1518 696 conscios.

155 723 401 763 Confirmare
421 724 500 762 hoc
527 724 689 775 liquido,
719 724 881 771 iudices,
908 736 1087 774 possum,
1109 724 1239 763 valvas
1264 725 1521 775 magnificen-

154 791 285 837 tiores,
307 803 357 829 ex
377 802 473 829 auro
505 797 621 842 atque
647 792 766 829 ebore
795 790 1050 841 perfectiores
1078 791 1204 829 nullas
1229 803 1420 841 umquam
1440 791 1520 830 ullo

154 858 304 910 templo
330 858 462 897 fuisse.
521 858 757 897 Incredibile
780 858 886 897 dictu
913 866 983 904 est,
1013 870 1134 909 quarn
1162 858 1272 896 multi
1296 858 1440 897 Graeci
1471 859 1521 897 de

153 925 351 964 valvarum
371 925 511 964 harum
531 925 821 976 pulchritudine
844 926 1034 976 scripturn
1056 926 1292 976 reliquerint.
1343 926 1520 965 Nimium

75 1002 138 1028 120
154 992 317 1033 forsitan
336 992 434 1031 haec
453 992 506 1030 illi
525 993 715 1031 mirentur
737 1000 854 1043 atque
872 992 1047 1031 efferant.
1098 993 1196 1031 Esto
1211 1006 1221 1040 ;
1251 1001 1521 1032 verumtamen

155 1060 358 1099 honestius
387 1066 448 1098 est
473 1060 712 1110 reipublicae
740 1067 909 1106 nostrae,
930 1059 1092 1107 iudices,
1115 1072 1173 1106 ea,
1203 1072 1305 1110 quae
1334 1060 1406 1099 illis
1438 1061 1522 1111 pul-

156 1126 250 1166 chra
269 1139 358 1166 esse
378 1126 592 1173 videantur,
614 1127 896 1177 imperatorem
917 1133 1098 1165 nostrum
1118 1127 1159 1164 in
1181 1126 1284 1165 bello
1307 1127 1521 1178 reliquisse,

156 1206 276 1245 quam
296 1199 520 1244 praetorem
540 1193 581 1231 in
601 1205 699 1244 pace
721 1193 938 1233 abstulisse.
998 1193 1060 1232 Ex
1082 1195 1202 1232 ebore
1225 1194 1522 1245 diligentissime

156 1260 330 1312 perfecta
358 1267 592 1311 argumenta
620 1267 732 1299 erant
758 1262 798 1299 in
828 1261 972 1300 valvis:
1012 1274 1059 1299 ea
1090 1261 1334 1300 detrahenda
1375 1262 1523 1300 curavit

77 1343 138 1377 :25
157 1328 303 1368 omnia.
363 1327 566 1379 Gorgonis
595 1340 641 1366 os
668 1328 986 1379 pulcherrimum,
1015 1329 1197 1367 crinitum
1228 1329 1434 1379 anguibus,
1465 1342 1522 1367 re-

106 1431 113 1439 ,
157 1395 261 1434 vellit
284 1402 403 1447 atque
431 1395 617 1434 abstulit:
658 1402 697 1434 et
723 1402 857 1434 tamen
888 1395 1083 1442 indicavit,
1115 1408 1156 1434 se
1178 1407 1260 1433 non
1283 1395 1413 1434 solum
1435 1396 1524 1434 arti-

158 1463 261 1510 ficio,
283 1462 354 1501 sed
381 1462 498 1501 etiam
526 1462 651 1512 pretio
680 1468 925 1512 quaestuque
947 1463 1048 1501 duci.
1109 1461 1215 1501 Nam
1236 1463 1361 1501 bullas
1387 1475 1524 1501 aureas

158 1541 301 1569 omnes
331 1541 380 1568 ex
410 1528 470 1568 his
500 1529 630 1575 valvis,
664 1541 765 1580 quae
799 1536 910 1567 erant
949 1537 987 1568 et
1017 1529 1162 1568 multae
1193 1537 1230 1568 et
1260 1542 1411 1580 graves,
1442 1543 1524 1568 non

159 1595 350 1635 dubitavit
377 1595 555 1634 auferre:
596 1607 761 1646 quarum
793 1596 868 1634 iste
897 1607 979 1633 non
1007 1608 1126 1646 opere
1148 1596 1424 1643 delectabatur,
1456 1597 1526 1635 sed

82 1674 142 1706 ¹30
160 1663 349 1714 pondere.
412 1663 552 1714 Itaque
576 1663 771 1701 eiusmodi
794 1663 924 1702 valvas
955 1663 1120 1713 reliquit,
1145 1671 1198 1710 ut,
1230 1676 1331 1714 quae
1354 1664 1448 1702 olim
1475 1663 1525 1701 ad

161 1730 385 1770 ornandum
405 1730 599 1781 templum
620 1737 730 1769 erant
757 1731 940 1776 maxime,
964 1743 1070 1769 nunc
1092 1737 1243 1769 tantum
1270 1731 1320 1769 ad
1341 1731 1525 1770 clauden-

162 1797 258 1836 dum
287 1797 414 1836 factae
443 1809 530 1836 esse
551 1797 765 1836 videantur.
826 1797 1009 1836 Etiamne
1030 1799 1255 1847 gramineas
1281 1797 1412 1836 hastas
1434 1796 1525 1849 (vidi

161 1865 268 1903 enim
288 1876 359 1903 vos
386 1864 427 1902 in
454 1862 531 1902 hoc
558 1865 732 1909 nomine,
755 1876 878 1915 quum
907 1871 1026 1903 testes
1055 1865 1241 1912 dicerent,
1272 1865 1524 1910 commoveri,

162 1930 273 1981 quod
292 1937 402 1969 erant
423 1931 631 1977 eiusmodi,
659 1938 702 1969 ut
733 1931 855 1970 semel
876 1932 1019 1970 vidisse
1048 1933 1140 1970 satis
1162 1938 1291 1970 esset:
1323 1932 1362 1969 in
1383 1932 1525 1982 quibus

84 2016 143 2048 ¹35
162 2009 292 2048 neque
321 2010 442 2036 manu
464 1996 611 2035 factum
643 1998 873 2048 quidquam,
902 2011 1032 2048 neque
1058 1998 1307 2049 pulchritudo
1330 2006 1411 2037 erat
1438 1999 1523 2043 ulla,

164 2065 235 2104 sed
264 2071 416 2103 tantum
446 2064 680 2114 magnitudo
711 2065 956 2111 incredibilis,
989 2065 1036 2103 de
1068 2079 1147 2116 qua
1176 2066 1235 2103 vel
1271 2065 1404 2104 audire
1435 2067 1525 2103 satis

164 2137 278 2177 esset,
313 2131 477 2170 nimium
509 2131 639 2170 videre
675 2131 762 2182 plus
801 2144 922 2182 quam
958 2132 1099 2181 semel)
1152 2133 1321 2171 etiamne
1356 2133 1395 2171 id
1431 2146 1523 2171 con-

165 2198 331 2249 cupisti?

223 2266 259 2304 6.
291 2264 396 2304 Nam
430 2264 604 2317 Sappho,
637 2279 737 2317 quae
769 2266 922 2305 sublata
952 2266 1001 2305 de
1031 2274 1222 2318 prytaneo
1254 2274 1324 2311 est,
1357 2267 1421 2305 dat
1461 2267 1526 2303 tibi

89 2347 149 2382 ¹40
167 2333 309 2371 iustam
341 2334 652 2380 excusationem,
691 2345 817 2384 prope
854 2341 896 2371 ut
928 2333 1230 2372 concedendurn
1265 2342 1380 2382 atque
1418 2333 1528 2380 igno-

169 2399 359 2439 scendum
381 2411 468 2438 esse
488 2400 670 2439 videatur.
734 2399 944 2439 Silanionis
967 2412 1068 2452 opus
1092 2407 1171 2438 tam
1195 2400 1423 2449 perfectum,
1449 2407 1527 2436 tam
