<?xml version="1.0" encoding="UTF-8"?>
<!DOCTYPE html PUBLIC "-//W3C//DTD XHTML 1.0 Transitional//EN"
    "http://www.w3.org/TR/xhtml1/DTD/xhtml1-transitional.dtd">
<html xmlns="http://www.w3.org/1999/xhtml" xml:lang="en" lang="en">
 <head>
  <title>
</title>
<meta http-equiv="Content-Type" content="text/html;charset=utf-8" />
  <meta name='ocr-system' content='tesseract 3.04.00' />
  <meta name='ocr-capabilities' content='ocr_page ocr_carea ocr_par ocr_line ocrx_word'/>
</head>
<body>
  <div class='ocr_page' id='page_1' title='image "./extractsfromcice03ciceuoft_0063.png"; bbox 0 0 1747 2620; ppageno 0'>
   <div class='ocr_carea' id='block_1_1' title="bbox 128 72 1482 121">
    <p class='ocr_par' dir='ltr' id='par_1_1' title="bbox 128 72 1482 121">
     <span class='ocr_line' id='line_1_1' title="bbox 128 72 1482 121; baseline 0 -8"><span class='ocrx_word' id='word_1_1' title='bbox 128 82 242 121; x_wconf 82' lang='lat'>11.13.</span> <span class='ocrx_word' id='word_1_2' title='bbox 362 72 541 113; x_wconf 79' lang='lat' dir='ltr'>RoME’S</span> <span class='ocrx_word' id='word_1_3' title='bbox 573 81 700 112; x_wconf 83' lang='lat' dir='ltr'><em>RULE</em></span> <span class='ocrx_word' id='word_1_4' title='bbox 735 81 794 112; x_wconf 72' lang='lat' dir='ltr'>or·</span> <span class='ocrx_word' id='word_1_5' title='bbox 824 81 920 111; x_wconf 62' lang='grc' dir='ltr'>ΗΕΒ</span> <span class='ocrx_word' id='word_1_6' title='bbox 955 81 1240 113; x_wconf 80' lang='lat' dir='ltr'><em>PROVINCES.</em></span> <span class='ocrx_word' id='word_1_7' title='bbox 1407 74 1482 115; x_wconf 85' lang='lat'>261</span> 
     </span>
    </p>
   </div>
   <div class='ocr_carea' id='block_1_2' title="bbox 63 182 1492 1915">
    <p class='ocr_par' dir='ltr' id='par_1_2' title="bbox 63 182 1492 1915">
     <span class='ocr_line' id='line_1_2' title="bbox 125 182 1490 234; baseline 0 -12"><span class='ocrx_word' id='word_1_8' title='bbox 125 183 317 223; x_wconf 85' lang='lat' dir='ltr'><strong>cherrima</strong></span> <span class='ocrx_word' id='word_1_9' title='bbox 337 189 376 223; x_wconf 91' lang='lat' dir='ltr'>et</span> <span class='ocrx_word' id='word_1_10' title='bbox 405 183 619 234; x_wconf 87' lang='lat' dir='ltr'>perampla.</span> <span class='ocrx_word' id='word_1_11' title='bbox 681 182 758 221; x_wconf 90' lang='lat' dir='ltr'>His</span> <span class='ocrx_word' id='word_1_12' title='bbox 785 182 1035 233; x_wconf 84' lang='lat' dir='ltr'>pulchritudo</span> <span class='ocrx_word' id='word_1_13' title='bbox 1064 183 1250 233; x_wconf 89' lang='lat' dir='ltr'>periculo,</span> <span class='ocrx_word' id='word_1_14' title='bbox 1273 184 1490 234; x_wconf 84' lang='lat' dir='ltr'>amplitudo</span> 
     </span>
     <span class='ocr_line' id='line_1_3' title="bbox 125 250 1490 302; baseline 0.001 -14"><span class='ocrx_word' id='word_1_15' title='bbox 125 250 238 289; x_wconf 89' lang='lat' dir='ltr'>saluti</span> <span class='ocrx_word' id='word_1_16' title='bbox 258 250 340 298; x_wconf 90' lang='lat' dir='ltr'>fuit,</span> <span class='ocrx_word' id='word_1_17' title='bbox 361 250 471 302; x_wconf 93' lang='lat' dir='ltr'>quod</span> <span class='ocrx_word' id='word_1_18' title='bbox 492 262 629 289; x_wconf 90' lang='lat' dir='ltr'>eorum</span> <span class='ocrx_word' id='word_1_19' title='bbox 652 250 854 288; x_wconf 91' lang='lat' dir='ltr'>demolitio</span> <span class='ocrx_word' id='word_1_20' title='bbox 877 257 994 300; x_wconf 88' lang='lat' dir='ltr'>atque</span> <span class='ocrx_word' id='word_1_21' title='bbox 1015 251 1231 301; x_wconf 80' lang='lat' dir='ltr'>asportatio</span> <span class='ocrx_word' id='word_1_22' title='bbox 1254 251 1490 301; x_wconf 88' lang='lat' dir='ltr'>perdifficilis</span> 
     </span>
     <span class='ocr_line' id='line_1_4' title="bbox 63 316 1490 364; baseline 0.001 -10"><span class='ocrx_word' id='word_1_23' title='bbox 63 321 104 364; x_wconf 86' lang='lat'>65</span> <span class='ocrx_word' id='word_1_24' title='bbox 125 318 338 357; x_wconf 91' lang='lat' dir='ltr'>videbatur.</span> <span class='ocrx_word' id='word_1_25' title='bbox 398 317 612 356; x_wconf 88' lang='lat' dir='ltr'>Insistebat</span> <span class='ocrx_word' id='word_1_26' title='bbox 642 318 683 356; x_wconf 90' lang='lat' dir='ltr'>in</span> <span class='ocrx_word' id='word_1_27' title='bbox 723 330 845 356; x_wconf 91' lang='lat' dir='ltr'>manu</span> <span class='ocrx_word' id='word_1_28' title='bbox 882 316 1037 356; x_wconf 90' lang='lat' dir='ltr'>Cereris</span> <span class='ocrx_word' id='word_1_29' title='bbox 1069 317 1207 356; x_wconf 84' lang='lat' dir='ltr'>dextra</span> <span class='ocrx_word' id='word_1_30' title='bbox 1237 318 1490 357; x_wconf 89' lang='lat' dir='ltr'>simulacrum</span> 
     </span>
     <span class='ocr_line' id='line_1_5' title="bbox 123 384 1488 436; baseline 0.001 -13"><span class='ocrx_word' id='word_1_31' title='bbox 123 384 386 436; x_wconf 84' lang='lat' dir='ltr'>pulcherrime</span> <span class='ocrx_word' id='word_1_32' title='bbox 414 384 562 424; x_wconf 87' lang='lat' dir='ltr'>factum</span> <span class='ocrx_word' id='word_1_33' title='bbox 583 384 806 424; x_wconf 86' lang='lat' dir='ltr'>Victoriae:</span> <span class='ocrx_word' id='word_1_34' title='bbox 839 385 916 424; x_wconf 89' lang='lat' dir='ltr'>hoc</span> <span class='ocrx_word' id='word_1_35' title='bbox 938 385 1010 423; x_wconf 88' lang='lat' dir='ltr'>iste</span> <span class='ocrx_word' id='word_1_36' title='bbox 1031 397 1053 423; x_wconf 91' lang='lat' dir='ltr'>e</span> <span class='ocrx_word' id='word_1_37' title='bbox 1075 385 1191 435; x_wconf 86' lang='lat' dir='ltr'>signo</span> <span class='ocrx_word' id='word_1_38' title='bbox 1214 384 1367 424; x_wconf 88' lang='lat' dir='ltr'>Cereris</span> <span class='ocrx_word' id='word_1_39' title='bbox 1388 386 1488 424; x_wconf 87' lang='lat' dir='ltr'>avel-</span> 
     </span>
     <span class='ocr_line' id='line_1_6' title="bbox 123 451 850 503; baseline -0.001 -12"><span class='ocrx_word' id='word_1_40' title='bbox 123 451 285 491; x_wconf 90' lang='lat' dir='ltr'>lendum</span> <span class='ocrx_word' id='word_1_41' title='bbox 305 452 672 503; x_wconf 84' lang='lat' dir='ltr'>asportandumque</span> <span class='ocrx_word' id='word_1_42' title='bbox 693 452 850 490; x_wconf 87' lang='lat' dir='ltr'>curavit.</span> 
     </span>
     <span class='ocr_line' id='line_1_7' title="bbox 180 519 1488 571; baseline 0.002 -12"><span class='ocrx_word' id='word_1_43' title='bbox 180 533 216 570; x_wconf 86' lang='lat'>3.</span> <span class='ocrx_word' id='word_1_44' title='bbox 248 519 329 568; x_wconf 89' lang='lat' dir='ltr'>Qui</span> <span class='ocrx_word' id='word_1_45' title='bbox 356 520 518 558; x_wconf 88' lang='lat' dir='ltr'>tandem</span> <span class='ocrx_word' id='word_1_46' title='bbox 541 520 649 558; x_wconf 90' lang='lat' dir='ltr'>istius</span> <span class='ocrx_word' id='word_1_47' title='bbox 670 520 824 558; x_wconf 90' lang='lat' dir='ltr'>animus</span> <span class='ocrx_word' id='word_1_48' title='bbox 845 527 903 558; x_wconf 89' lang='lat' dir='ltr'>est</span> <span class='ocrx_word' id='word_1_49' title='bbox 920 533 1025 558; x_wconf 90' lang='lat' dir='ltr'>nunc</span> <span class='ocrx_word' id='word_1_50' title='bbox 1046 520 1088 558; x_wconf 92' lang='lat' dir='ltr'>in</span> <span class='ocrx_word' id='word_1_51' title='bbox 1108 521 1383 571; x_wconf 82' lang='lat' dir='ltr'>recognitione</span> <span class='ocrx_word' id='word_1_52' title='bbox 1405 534 1488 561; x_wconf 89' lang='lat' dir='ltr'>sce-</span> 
     </span>
     <span class='ocr_line' id='line_1_8' title="bbox 123 587 1489 637; baseline 0.001 -12"><span class='ocrx_word' id='word_1_53' title='bbox 123 587 248 626; x_wconf 90' lang='lat' dir='ltr'>lerum</span> <span class='ocrx_word' id='word_1_54' title='bbox 278 598 452 634; x_wconf 87' lang='lat' dir='ltr'>suorum,</span> <span class='ocrx_word' id='word_1_55' title='bbox 483 599 607 637; x_wconf 91' lang='lat' dir='ltr'>quum</span> <span class='ocrx_word' id='word_1_56' title='bbox 638 599 715 637; x_wconf 89' lang='lat' dir='ltr'>ego</span> <span class='ocrx_word' id='word_1_57' title='bbox 754 587 839 637; x_wconf 90' lang='lat' dir='ltr'>ipse</span> <span class='ocrx_word' id='word_1_58' title='bbox 869 588 908 625; x_wconf 94' lang='lat' dir='ltr'>in</span> <span class='ocrx_word' id='word_1_59' title='bbox 940 589 1322 628; x_wconf 86' lang='lat' dir='ltr'>commemoratione</span> <span class='ocrx_word' id='word_1_60' title='bbox 1351 601 1489 627; x_wconf 90' lang='lat' dir='ltr'>eorum</span> 
     </span>
     <span class='ocr_line' id='line_1_9' title="bbox 63 653 1489 707; baseline 0.003 -16"><span class='ocrx_word' id='word_1_61' title='bbox 63 666 105 700; x_wconf 88' lang='lat'>70</span> <span class='ocrx_word' id='word_1_62' title='bbox 123 666 206 692; x_wconf 90' lang='lat' dir='ltr'>non</span> <span class='ocrx_word' id='word_1_63' title='bbox 246 653 376 692; x_wconf 86' lang='lat' dir='ltr'>solum</span> <span class='ocrx_word' id='word_1_64' title='bbox 415 655 549 692; x_wconf 88' lang='lat' dir='ltr'>animo</span> <span class='ocrx_word' id='word_1_65' title='bbox 581 666 844 701; x_wconf 88' lang='lat' dir='ltr'>commovear,</span> <span class='ocrx_word' id='word_1_66' title='bbox 876 667 1012 693; x_wconf 89' lang='lat' dir='ltr'>verum</span> <span class='ocrx_word' id='word_1_67' title='bbox 1048 656 1165 694; x_wconf 88' lang='lat' dir='ltr'>etiam</span> <span class='ocrx_word' id='word_1_68' title='bbox 1196 669 1363 707; x_wconf 89' lang='lat' dir='ltr'>corpore</span> <span class='ocrx_word' id='word_1_69' title='bbox 1402 669 1489 707; x_wconf 88' lang='lat' dir='ltr'>per-</span> 
     </span>
     <span class='ocr_line' id='line_1_10' title="bbox 122 721 1489 774; baseline 0.001 -14"><span class='ocrx_word' id='word_1_70' title='bbox 122 722 375 760; x_wconf 88' lang='lat' dir='ltr'>horrescam?</span> <span class='ocrx_word' id='word_1_71' title='bbox 433 721 554 760; x_wconf 89' lang='lat' dir='ltr'>Venit</span> <span class='ocrx_word' id='word_1_72' title='bbox 584 722 692 760; x_wconf 91' lang='lat' dir='ltr'>enim</span> <span class='ocrx_word' id='word_1_73' title='bbox 721 721 818 759; x_wconf 91' lang='lat' dir='ltr'>mihi</span> <span class='ocrx_word' id='word_1_74' title='bbox 849 721 940 769; x_wconf 86' lang='lat' dir='ltr'>fani,</span> <span class='ocrx_word' id='word_1_75' title='bbox 971 723 1060 769; x_wconf 87' lang='lat' dir='ltr'>loci,</span> <span class='ocrx_word' id='word_1_76' title='bbox 1091 723 1289 774; x_wconf 83' lang='lat' dir='ltr'>religionis</span> <span class='ocrx_word' id='word_1_77' title='bbox 1320 725 1418 763; x_wconf 89' lang='lat' dir='ltr'>illius</span> <span class='ocrx_word' id='word_1_78' title='bbox 1450 726 1489 762; x_wconf 88' lang='lat' dir='ltr'>in</span> 
     </span>
     <span class='ocr_line' id='line_1_11' title="bbox 122 788 1489 842; baseline 0.003 -16"><span class='ocrx_word' id='word_1_79' title='bbox 122 795 324 826; x_wconf 88' lang='lat' dir='ltr'>mentem:</span> <span class='ocrx_word' id='word_1_80' title='bbox 359 795 561 827; x_wconf 89' lang='lat' dir='ltr'>versantur</span> <span class='ocrx_word' id='word_1_81' title='bbox 591 795 682 826; x_wconf 88' lang='lat' dir='ltr'>ante</span> <span class='ocrx_word' id='word_1_82' title='bbox 714 788 853 826; x_wconf 89' lang='lat' dir='ltr'>oculos</span> <span class='ocrx_word' id='word_1_83' title='bbox 884 789 1049 828; x_wconf 87' lang='lat' dir='ltr'>omnia:</span> <span class='ocrx_word' id='word_1_84' title='bbox 1082 789 1166 828; x_wconf 91' lang='lat' dir='ltr'>dies</span> <span class='ocrx_word' id='word_1_85' title='bbox 1196 791 1270 838; x_wconf 88' lang='lat' dir='ltr'>ille,</span> <span class='ocrx_word' id='word_1_86' title='bbox 1302 803 1382 841; x_wconf 93' lang='lat' dir='ltr'>quo</span> <span class='ocrx_word' id='word_1_87' title='bbox 1413 804 1489 842; x_wconf 88' lang='lat' dir='ltr'>ego</span> 
     </span>
     <span class='ocr_line' id='line_1_12' title="bbox 123 854 1489 907; baseline 0.004 -14"><span class='ocrx_word' id='word_1_88' title='bbox 123 854 314 894; x_wconf 91' lang='lat' dir='ltr'>Hennam</span> <span class='ocrx_word' id='word_1_89' title='bbox 345 867 467 907; x_wconf 91' lang='lat' dir='ltr'>quum</span> <span class='ocrx_word' id='word_1_90' title='bbox 506 856 714 902; x_wconf 86' lang='lat' dir='ltr'>venissem,</span> <span class='ocrx_word' id='word_1_91' title='bbox 746 863 904 906; x_wconf 90' lang='lat' dir='ltr'>praesto</span> <span class='ocrx_word' id='word_1_92' title='bbox 943 856 1037 894; x_wconf 90' lang='lat' dir='ltr'>mihi</span> <span class='ocrx_word' id='word_1_93' title='bbox 1078 858 1303 897; x_wconf 80' lang='lat' dir='ltr'>sacerdotes</span> <span class='ocrx_word' id='word_1_94' title='bbox 1335 858 1489 898; x_wconf 89' lang='lat' dir='ltr'>Cereris</span> 
     </span>
     <span class='ocr_line' id='line_1_13' title="bbox 123 921 1488 976; baseline 0.003 -16"><span class='ocrx_word' id='word_1_95' title='bbox 123 935 214 960; x_wconf 89' lang='lat' dir='ltr'>cum</span> <span class='ocrx_word' id='word_1_96' title='bbox 234 921 364 961; x_wconf 90' lang='lat' dir='ltr'>infulis</span> <span class='ocrx_word' id='word_1_97' title='bbox 377 934 422 961; x_wconf 89' lang='lat' dir='ltr'>ac</span> <span class='ocrx_word' id='word_1_98' title='bbox 442 923 622 961; x_wconf 90' lang='lat' dir='ltr'>verbenis</span> <span class='ocrx_word' id='word_1_99' title='bbox 643 922 801 961; x_wconf 88' lang='lat' dir='ltr'>suerunt</span> <span class='ocrx_word' id='word_1_100' title='bbox 819 937 826 960; x_wconf 91' lang='lat'>:</span> <span class='ocrx_word' id='word_1_101' title='bbox 859 924 1002 962; x_wconf 91' lang='lat' dir='ltr'>concio</span> <span class='ocrx_word' id='word_1_102' title='bbox 1020 933 1317 976; x_wconf 87' lang='lat' dir='ltr'>conventusque</span> <span class='ocrx_word' id='word_1_103' title='bbox 1334 927 1488 974; x_wconf 85' lang='lat' dir='ltr'>civium,</span> 
     </span>
     <span class='ocr_line' id='line_1_14' title="bbox 64 990 1489 1044; baseline 0.002 -16"><span class='ocrx_word' id='word_1_104' title='bbox 64 1000 103 1034; x_wconf 86' lang='lat'>75</span> <span class='ocrx_word' id='word_1_105' title='bbox 123 991 163 1028; x_wconf 91' lang='lat' dir='ltr'>in</span> <span class='ocrx_word' id='word_1_106' title='bbox 193 1001 273 1040; x_wconf 92' lang='lat' dir='ltr'>quo</span> <span class='ocrx_word' id='word_1_107' title='bbox 303 1002 380 1040; x_wconf 90' lang='lat' dir='ltr'>ego</span> <span class='ocrx_word' id='word_1_108' title='bbox 411 1002 533 1040; x_wconf 90' lang='lat' dir='ltr'>quum</span> <span class='ocrx_word' id='word_1_109' title='bbox 563 990 754 1040; x_wconf 89' lang='lat' dir='ltr'>loquerer,</span> <span class='ocrx_word' id='word_1_110' title='bbox 779 991 875 1028; x_wconf 87' lang='lat' dir='ltr'>tanti</span> <span class='ocrx_word' id='word_1_111' title='bbox 907 991 1020 1030; x_wconf 86' lang='lat' dir='ltr'>fletus</span> <span class='ocrx_word' id='word_1_112' title='bbox 1050 993 1301 1044; x_wconf 83' lang='lat' dir='ltr'>gemitusque</span> <span class='ocrx_word' id='word_1_113' title='bbox 1332 993 1489 1039; x_wconf 85' lang='lat' dir='ltr'>fiebant,</span> 
     </span>
     <span class='ocr_line' id='line_1_15' title="bbox 123 1057 1489 1099; baseline 0.002 -4"><span class='ocrx_word' id='word_1_114' title='bbox 123 1064 166 1095; x_wconf 91' lang='lat' dir='ltr'>ut</span> <span class='ocrx_word' id='word_1_115' title='bbox 195 1057 469 1096; x_wconf 89' lang='lat' dir='ltr'>acerbissimus</span> <span class='ocrx_word' id='word_1_116' title='bbox 499 1064 581 1096; x_wconf 91' lang='lat' dir='ltr'>tota</span> <span class='ocrx_word' id='word_1_117' title='bbox 610 1058 706 1095; x_wconf 91' lang='lat' dir='ltr'>urbe</span> <span class='ocrx_word' id='word_1_118' title='bbox 728 1057 854 1096; x_wconf 85' lang='lat' dir='ltr'>luctus</span> <span class='ocrx_word' id='word_1_119' title='bbox 883 1059 1027 1097; x_wconf 87' lang='lat' dir='ltr'>versari</span> <span class='ocrx_word' id='word_1_120' title='bbox 1052 1059 1256 1098; x_wconf 88' lang='lat' dir='ltr'>videretur.</span> <span class='ocrx_word' id='word_1_121' title='bbox 1318 1059 1414 1099; x_wconf 90' lang='lat' dir='ltr'>Non</span> <span class='ocrx_word' id='word_1_122' title='bbox 1439 1061 1489 1098; x_wconf 88' lang='lat' dir='ltr'>illi</span> 
     </span>
     <span class='ocr_line' id='line_1_16' title="bbox 125 1124 1490 1179; baseline 0.003 -17"><span class='ocrx_word' id='word_1_123' title='bbox 125 1124 380 1163; x_wconf 87' lang='lat' dir='ltr'>decumarum</span> <span class='ocrx_word' id='word_1_124' title='bbox 409 1124 586 1175; x_wconf 88' lang='lat' dir='ltr'>imperia,</span> <span class='ocrx_word' id='word_1_125' title='bbox 618 1137 701 1163; x_wconf 90' lang='lat' dir='ltr'>non</span> <span class='ocrx_word' id='word_1_126' title='bbox 738 1126 935 1164; x_wconf 90' lang='lat' dir='ltr'>bonorum</span> <span class='ocrx_word' id='word_1_127' title='bbox 967 1126 1222 1177; x_wconf 88' lang='lat' dir='ltr'>direptiones,</span> <span class='ocrx_word' id='word_1_128' title='bbox 1245 1140 1327 1166; x_wconf 89' lang='lat' dir='ltr'>non</span> <span class='ocrx_word' id='word_1_129' title='bbox 1357 1129 1490 1179; x_wconf 85' lang='lat' dir='ltr'>iniqua</span> 
     </span>
     <span class='ocr_line' id='line_1_17' title="bbox 125 1191 1488 1242; baseline 0.002 -12"><span class='ocrx_word' id='word_1_130' title='bbox 125 1191 278 1238; x_wconf 89' lang='lat' dir='ltr'>iudicia,</span> <span class='ocrx_word' id='word_1_131' title='bbox 305 1204 388 1230; x_wconf 88' lang='lat' dir='ltr'>non</span> <span class='ocrx_word' id='word_1_132' title='bbox 418 1192 774 1242; x_wconf 87' lang='lat' dir='ltr'>importunissimas</span> <span class='ocrx_word' id='word_1_133' title='bbox 807 1193 917 1231; x_wconf 91' lang='lat' dir='ltr'>istius</span> <span class='ocrx_word' id='word_1_134' title='bbox 949 1193 1142 1240; x_wconf 86' lang='lat' dir='ltr'>libidines,</span> <span class='ocrx_word' id='word_1_135' title='bbox 1172 1207 1255 1233; x_wconf 91' lang='lat' dir='ltr'>non</span> <span class='ocrx_word' id='word_1_136' title='bbox 1285 1195 1374 1242; x_wconf 88' lang='lat' dir='ltr'>vim,</span> <span class='ocrx_word' id='word_1_137' title='bbox 1407 1208 1488 1234; x_wconf 88' lang='lat' dir='ltr'>non</span> 
     </span>
     <span class='ocr_line' id='line_1_18' title="bbox 125 1258 1486 1312; baseline 0.003 -15"><span class='ocrx_word' id='word_1_138' title='bbox 125 1258 394 1306; x_wconf 90' lang='lat' dir='ltr'>contumelias,</span> <span class='ocrx_word' id='word_1_139' title='bbox 409 1259 551 1310; x_wconf 88' lang='lat' dir='ltr'>quibus</span> <span class='ocrx_word' id='word_1_140' title='bbox 567 1259 692 1309; x_wconf 88' lang='lat' dir='ltr'>operti</span> <span class='ocrx_word' id='word_1_141' title='bbox 707 1260 967 1311; x_wconf 87' lang='lat' dir='ltr'>oppressique</span> <span class='ocrx_word' id='word_1_142' title='bbox 983 1268 1105 1307; x_wconf 88' lang='lat' dir='ltr'>erant,</span> <span class='ocrx_word' id='word_1_143' title='bbox 1121 1263 1486 1312; x_wconf 83' lang='lat' dir='ltr'>conquerebantur:</span> 
     </span>
     <span class='ocr_line' id='line_1_19' title="bbox 64 1326 1491 1379; baseline 0.003 -14"><span class='ocrx_word' id='word_1_144' title='bbox 64 1328 108 1360; x_wconf 92' lang='lat'>80</span> <span class='ocrx_word' id='word_1_145' title='bbox 126 1326 280 1366; x_wconf 91' lang='lat' dir='ltr'>Cereris</span> <span class='ocrx_word' id='word_1_146' title='bbox 309 1338 470 1373; x_wconf 86' lang='lat' dir='ltr'>numen,</span> <span class='ocrx_word' id='word_1_147' title='bbox 501 1338 704 1364; x_wconf 89' lang='lat' dir='ltr'>sacrorum</span> <span class='ocrx_word' id='word_1_148' title='bbox 733 1333 978 1374; x_wconf 88' lang='lat' dir='ltr'>vetustatem,</span> <span class='ocrx_word' id='word_1_149' title='bbox 1010 1327 1090 1366; x_wconf 85' lang='lat' dir='ltr'>fani</span> <span class='ocrx_word' id='word_1_150' title='bbox 1120 1329 1351 1379; x_wconf 86' lang='lat' dir='ltr'>religionem</span> <span class='ocrx_word' id='word_1_151' title='bbox 1382 1331 1491 1369; x_wconf 85' lang='lat' dir='ltr'>istius</span> 
     </span>
     <span class='ocr_line' id='line_1_20' title="bbox 91 1393 1490 1446; baseline 0.002 -13"><span class='ocrx_word' id='word_1_152' title='bbox 91 1439 98 1446; x_wconf 46' lang='grc'>,</span> <span class='ocrx_word' id='word_1_153' title='bbox 125 1393 412 1433; x_wconf 89' lang='lat' dir='ltr'>sceleratissimi</span> <span class='ocrx_word' id='word_1_154' title='bbox 452 1399 570 1443; x_wconf 92' lang='lat' dir='ltr'>atque</span> <span class='ocrx_word' id='word_1_155' title='bbox 601 1393 850 1432; x_wconf 86' lang='lat' dir='ltr'>audacissimi</span> <span class='ocrx_word' id='word_1_156' title='bbox 882 1394 1075 1445; x_wconf 88' lang='lat' dir='ltr'>supplicio</span> <span class='ocrx_word' id='word_1_157' title='bbox 1107 1397 1254 1446; x_wconf 84' lang='lat' dir='ltr'>expiari</span> <span class='ocrx_word' id='word_1_158' title='bbox 1285 1397 1490 1445; x_wconf 76' lang='lat' dir='ltr'>volebaut;</span> 
     </span>
     <span class='ocr_line' id='line_1_21' title="bbox 125 1459 1492 1510; baseline 0.003 -11"><span class='ocrx_word' id='word_1_159' title='bbox 125 1460 261 1499; x_wconf 89' lang='lat' dir='ltr'>omnia</span> <span class='ocrx_word' id='word_1_160' title='bbox 281 1472 322 1499; x_wconf 91' lang='lat' dir='ltr'>se</span> <span class='ocrx_word' id='word_1_161' title='bbox 351 1466 480 1498; x_wconf 90' lang='lat' dir='ltr'>cetera</span> <span class='ocrx_word' id='word_1_162' title='bbox 510 1459 591 1510; x_wconf 91' lang='lat' dir='ltr'>pati</span> <span class='ocrx_word' id='word_1_163' title='bbox 613 1472 658 1498; x_wconf 89' lang='lat' dir='ltr'>ac</span> <span class='ocrx_word' id='word_1_164' title='bbox 680 1459 878 1510; x_wconf 88' lang='lat' dir='ltr'>negligere</span> <span class='ocrx_word' id='word_1_165' title='bbox 901 1460 1095 1500; x_wconf 86' lang='lat' dir='ltr'>dicebant.</span> <span class='ocrx_word' id='word_1_166' title='bbox 1157 1462 1237 1501; x_wconf 90' lang='lat' dir='ltr'>Hic</span> <span class='ocrx_word' id='word_1_167' title='bbox 1268 1463 1381 1502; x_wconf 92' lang='lat' dir='ltr'>dolor</span> <span class='ocrx_word' id='word_1_168' title='bbox 1411 1472 1492 1503; x_wconf 81' lang='lat' dir='ltr'>erat</span> 
     </span>
     <span class='ocr_line' id='line_1_22' title="bbox 126 1526 1491 1578; baseline 0.002 -11"><span class='ocrx_word' id='word_1_169' title='bbox 126 1535 269 1574; x_wconf 87' lang='lat' dir='ltr'>tantus,</span> <span class='ocrx_word' id='word_1_170' title='bbox 291 1534 333 1566; x_wconf 91' lang='lat' dir='ltr'>ut</span> <span class='ocrx_word' id='word_1_171' title='bbox 353 1526 497 1565; x_wconf 86' lang='lat' dir='ltr'>Verres</span> <span class='ocrx_word' id='word_1_172' title='bbox 528 1527 622 1565; x_wconf 87' lang='lat' dir='ltr'>alter</span> <span class='ocrx_word' id='word_1_173' title='bbox 653 1526 781 1566; x_wconf 90' lang='lat' dir='ltr'>Orcus</span> <span class='ocrx_word' id='word_1_174' title='bbox 812 1528 965 1566; x_wconf 88' lang='lat' dir='ltr'>venisse</span> <span class='ocrx_word' id='word_1_175' title='bbox 997 1528 1200 1578; x_wconf 89' lang='lat' dir='ltr'>Hennam,</span> <span class='ocrx_word' id='word_1_176' title='bbox 1223 1538 1260 1569; x_wconf 89' lang='lat' dir='ltr'>et</span> <span class='ocrx_word' id='word_1_177' title='bbox 1285 1544 1367 1570; x_wconf 89' lang='lat' dir='ltr'>non</span> <span class='ocrx_word' id='word_1_178' title='bbox 1395 1532 1491 1571; x_wconf 88' lang='lat' dir='ltr'>Pro-</span> 
     </span>
     <span class='ocr_line' id='line_1_23' title="bbox 127 1595 1491 1646; baseline 0.003 -12"><span class='ocrx_word' id='word_1_179' title='bbox 127 1596 324 1646; x_wconf 90' lang='lat' dir='ltr'>serpinam</span> <span class='ocrx_word' id='word_1_180' title='bbox 355 1601 590 1646; x_wconf 83' lang='lat' dir='ltr'>asportasse,</span> <span class='ocrx_word' id='word_1_181' title='bbox 620 1595 690 1633; x_wconf 91' lang='lat' dir='ltr'>sed</span> <span class='ocrx_word' id='word_1_182' title='bbox 719 1596 847 1646; x_wconf 86' lang='lat' dir='ltr'>ipsam</span> <span class='ocrx_word' id='word_1_183' title='bbox 878 1596 1094 1646; x_wconf 86' lang='lat' dir='ltr'>abripuisse</span> <span class='ocrx_word' id='word_1_184' title='bbox 1126 1596 1314 1636; x_wconf 87' lang='lat' dir='ltr'>Cererem</span> <span class='ocrx_word' id='word_1_185' title='bbox 1343 1599 1491 1638; x_wconf 86' lang='lat' dir='ltr'>videre-</span> 
     </span>
     <span class='ocr_line' id='line_1_24' title="bbox 66 1662 1491 1711; baseline 0.004 -10"><span class='ocrx_word' id='word_1_186' title='bbox 66 1669 106 1710; x_wconf 84' lang='lat'>85</span> <span class='ocrx_word' id='word_1_187' title='bbox 127 1671 198 1703; x_wconf 88' lang='lat' dir='ltr'>tur.</span> <span class='ocrx_word' id='word_1_188' title='bbox 256 1663 415 1701; x_wconf 88' lang='lat' dir='ltr'>Etenim</span> <span class='ocrx_word' id='word_1_189' title='bbox 444 1663 538 1701; x_wconf 89' lang='lat' dir='ltr'>urbs</span> <span class='ocrx_word' id='word_1_190' title='bbox 568 1662 630 1701; x_wconf 88' lang='lat' dir='ltr'>illa</span> <span class='ocrx_word' id='word_1_191' title='bbox 660 1674 743 1701; x_wconf 88' lang='lat' dir='ltr'>non</span> <span class='ocrx_word' id='word_1_192' title='bbox 772 1664 866 1702; x_wconf 90' lang='lat' dir='ltr'>urbs</span> <span class='ocrx_word' id='word_1_193' title='bbox 897 1664 1057 1711; x_wconf 85' lang='lat' dir='ltr'>videtur,</span> <span class='ocrx_word' id='word_1_194' title='bbox 1081 1665 1151 1703; x_wconf 92' lang='lat' dir='ltr'>sed</span> <span class='ocrx_word' id='word_1_195' title='bbox 1179 1665 1315 1703; x_wconf 89' lang='lat' dir='ltr'>fanum</span> <span class='ocrx_word' id='word_1_196' title='bbox 1338 1666 1491 1706; x_wconf 76' lang='lat' dir='ltr'>Cereris</span> 
     </span>
     <span class='ocr_line' id='line_1_25' title="bbox 123 1730 1491 1780; baseline 0.001 -9"><span class='ocrx_word' id='word_1_197' title='bbox 123 1743 236 1771; x_wconf 88' lang='lat' dir='ltr'>esse:</span> <span class='ocrx_word' id='word_1_198' title='bbox 267 1730 441 1769; x_wconf 86' lang='lat' dir='ltr'>habitare</span> <span class='ocrx_word' id='word_1_199' title='bbox 481 1730 588 1780; x_wconf 91' lang='lat' dir='ltr'>apud</span> <span class='ocrx_word' id='word_1_200' title='bbox 619 1742 705 1769; x_wconf 88' lang='lat' dir='ltr'>sese</span> <span class='ocrx_word' id='word_1_201' title='bbox 737 1730 922 1769; x_wconf 90' lang='lat' dir='ltr'>Cererem</span> <span class='ocrx_word' id='word_1_202' title='bbox 954 1731 1196 1770; x_wconf 89' lang='lat' dir='ltr'>Hennenses</span> <span class='ocrx_word' id='word_1_203' title='bbox 1228 1734 1491 1773; x_wconf 83' lang='lat' dir='ltr'>arbitrantur:</span> 
     </span>
     <span class='ocr_line' id='line_1_26' title="bbox 127 1797 1491 1849; baseline 0.003 -13"><span class='ocrx_word' id='word_1_204' title='bbox 127 1805 169 1836; x_wconf 91' lang='lat' dir='ltr'>ut</span> <span class='ocrx_word' id='word_1_205' title='bbox 214 1797 309 1835; x_wconf 89' lang='lat' dir='ltr'>mihi</span> <span class='ocrx_word' id='word_1_206' title='bbox 341 1809 422 1835; x_wconf 90' lang='lat' dir='ltr'>non</span> <span class='ocrx_word' id='word_1_207' title='bbox 463 1797 565 1835; x_wconf 91' lang='lat' dir='ltr'>cives</span> <span class='ocrx_word' id='word_1_208' title='bbox 601 1797 702 1835; x_wconf 87' lang='lat' dir='ltr'>illius</span> <span class='ocrx_word' id='word_1_209' title='bbox 744 1798 918 1844; x_wconf 87' lang='lat' dir='ltr'>civitatis,</span> <span class='ocrx_word' id='word_1_210' title='bbox 960 1799 1030 1837; x_wconf 90' lang='lat' dir='ltr'>sed</span> <span class='ocrx_word' id='word_1_211' title='bbox 1071 1811 1211 1838; x_wconf 91' lang='lat' dir='ltr'>omnes</span> <span class='ocrx_word' id='word_1_212' title='bbox 1252 1802 1491 1849; x_wconf 83' lang='lat' dir='ltr'>sacerdotes,</span> 
     </span>
     <span class='ocr_line' id='line_1_27' title="bbox 127 1863 1312 1915; baseline 0.002 -12"><span class='ocrx_word' id='word_1_213' title='bbox 127 1876 268 1903; x_wconf 89' lang='lat' dir='ltr'>omnes</span> <span class='ocrx_word' id='word_1_214' title='bbox 288 1863 449 1902; x_wconf 90' lang='lat' dir='ltr'>accolae</span> <span class='ocrx_word' id='word_1_215' title='bbox 470 1871 585 1915; x_wconf 90' lang='lat' dir='ltr'>atque</span> <span class='ocrx_word' id='word_1_216' title='bbox 607 1865 797 1904; x_wconf 88' lang='lat' dir='ltr'>antistites</span> <span class='ocrx_word' id='word_1_217' title='bbox 819 1863 972 1904; x_wconf 91' lang='lat' dir='ltr'>Cereris</span> <span class='ocrx_word' id='word_1_218' title='bbox 989 1878 1075 1904; x_wconf 89' lang='lat' dir='ltr'>esse</span> <span class='ocrx_word' id='word_1_219' title='bbox 1097 1866 1312 1906; x_wconf 83' lang='lat' dir='ltr'>videantur.</span> 
     </span>
    </p>
   </div>
   <div class='ocr_carea' id='block_1_3' title="bbox 434 2022 1194 2074">
    <p class='ocr_par' dir='ltr' id='par_1_3' title="bbox 434 2022 1194 2074">
     <span class='ocr_line' id='line_1_28' title="bbox 434 2022 1194 2074; baseline 0.001 -11"><span class='ocrx_word' id='word_1_220' title='bbox 434 2027 498 2063; x_wconf 88' lang='lat'>13.</span> <span class='ocrx_word' id='word_1_221' title='bbox 539 2022 680 2062; x_wconf 85' lang='lat' dir='ltr'>Verres’</span> <span class='ocrx_word' id='word_1_222' title='bbox 701 2023 904 2062; x_wconf 77' lang='lat' dir='ltr'>Robbert&#39;es</span> <span class='ocrx_word' id='word_1_223' title='bbox 929 2029 971 2063; x_wconf 81' lang='lat' dir='ltr'>at</span> <span class='ocrx_word' id='word_1_224' title='bbox 993 2024 1194 2074; x_wconf 49' lang='lat' dir='ltr'>kSj&#39;racuse.</span> 
     </span>
    </p>
   </div>
   <div class='ocr_carea' id='block_1_4' title="bbox 91 2130 1491 2453">
    <p class='ocr_par' dir='ltr' id='par_1_4' title="bbox 129 2130 1491 2386">
     <span class='ocr_line' id='line_1_29' title="bbox 191 2130 1490 2184; baseline 0.004 -15"><span class='ocrx_word' id='word_1_225' title='bbox 191 2144 220 2170; x_wconf 84' lang='lat' dir='ltr'>r.</span> <span class='ocrx_word' id='word_1_226' title='bbox 253 2130 382 2170; x_wconf 89' lang='lat' dir='ltr'>Unius</span> <span class='ocrx_word' id='word_1_227' title='bbox 402 2131 520 2178; x_wconf 90' lang='lat' dir='ltr'>urbis,</span> <span class='ocrx_word' id='word_1_228' title='bbox 543 2132 720 2170; x_wconf 90' lang='lat' dir='ltr'>omnium</span> <span class='ocrx_word' id='word_1_229' title='bbox 749 2132 1033 2183; x_wconf 85' lang='lat' dir='ltr'>pulcherrimae</span> <span class='ocrx_word' id='word_1_230' title='bbox 1061 2141 1178 2184; x_wconf 85' lang='lat' dir='ltr'>atque</span> <span class='ocrx_word' id='word_1_231' title='bbox 1206 2135 1490 2181; x_wconf 79' lang='lat' dir='ltr'>ornatissimae,</span> 
     </span>
     <span class='ocr_line' id='line_1_30' title="bbox 131 2197 1491 2253; baseline 0.004 -18"><span class='ocrx_word' id='word_1_232' title='bbox 131 2197 412 2248; x_wconf 82' lang='lat' dir='ltr'>Syracusarum</span> <span class='ocrx_word' id='word_1_233' title='bbox 440 2197 702 2249; x_wconf 84' lang='lat' dir='ltr'>direptionem</span> <span class='ocrx_word' id='word_1_234' title='bbox 724 2202 1049 2239; x_wconf 83' lang='lat' dir='ltr'>commemorabo</span> <span class='ocrx_word' id='word_1_235' title='bbox 1072 2208 1110 2239; x_wconf 93' lang='lat' dir='ltr'>et</span> <span class='ocrx_word' id='word_1_236' title='bbox 1138 2202 1177 2239; x_wconf 87' lang='lat' dir='ltr'>in</span> <span class='ocrx_word' id='word_1_237' title='bbox 1203 2203 1377 2240; x_wconf 85' lang='lat' dir='ltr'>medium</span> <span class='ocrx_word' id='word_1_238' title='bbox 1401 2216 1491 2253; x_wconf 84' lang='lat' dir='ltr'>pro-</span> 
     </span>
     <span class='ocr_line' id='line_1_31' title="bbox 130 2264 1490 2319; baseline 0.003 -16"><span class='ocrx_word' id='word_1_239' title='bbox 130 2264 265 2312; x_wconf 89' lang='lat' dir='ltr'>feram,</span> <span class='ocrx_word' id='word_1_240' title='bbox 286 2264 458 2304; x_wconf 88' lang='lat' dir='ltr'>iudices:</span> <span class='ocrx_word' id='word_1_241' title='bbox 491 2272 534 2303; x_wconf 93' lang='lat' dir='ltr'>ut</span> <span class='ocrx_word' id='word_1_242' title='bbox 554 2266 766 2317; x_wconf 89' lang='lat' dir='ltr'>aliquando</span> <span class='ocrx_word' id='word_1_243' title='bbox 795 2274 918 2305; x_wconf 85' lang='lat' dir='ltr'>totam</span> <span class='ocrx_word' id='word_1_244' title='bbox 947 2267 1060 2306; x_wconf 90' lang='lat' dir='ltr'>huius</span> <span class='ocrx_word' id='word_1_245' title='bbox 1092 2269 1247 2319; x_wconf 84' lang='lat' dir='ltr'>generis</span> <span class='ocrx_word' id='word_1_246' title='bbox 1269 2270 1490 2307; x_wconf 79' lang='lat' dir='ltr'>orationem</span> 
     </span>
     <span class='ocr_line' id='line_1_32' title="bbox 129 2331 1491 2386; baseline 0.002 -16"><span class='ocrx_word' id='word_1_247' title='bbox 129 2331 366 2371; x_wconf 88' lang='lat' dir='ltr'>concludam</span> <span class='ocrx_word' id='word_1_248' title='bbox 396 2338 513 2382; x_wconf 89' lang='lat' dir='ltr'>atque</span> <span class='ocrx_word' id='word_1_249' title='bbox 543 2332 740 2372; x_wconf 86' lang='lat' dir='ltr'>definiam.</span> <span class='ocrx_word' id='word_1_250' title='bbox 801 2333 931 2373; x_wconf 90' lang='lat' dir='ltr'>Nemo</span> <span class='ocrx_word' id='word_1_251' title='bbox 974 2335 1052 2374; x_wconf 86' lang='lat' dir='ltr'>scre</span> <span class='ocrx_word' id='word_1_252' title='bbox 1083 2344 1252 2374; x_wconf 70' lang='lat' dir='ltr'>vestrum</span> <span class='ocrx_word' id='word_1_253' title='bbox 1284 2343 1353 2382; x_wconf 87' lang='lat' dir='ltr'>est,</span> <span class='ocrx_word' id='word_1_254' title='bbox 1385 2337 1491 2386; x_wconf 84' lang='lat' dir='ltr'>quin,</span> 
     </span>
    </p>

    <p class='ocr_par' dir='ltr' id='par_1_5' title="bbox 91 2398 1491 2453">
     <span class='ocr_line' id='line_1_33' title="bbox 91 2398 1491 2453; baseline 0.003 -17"><span class='ocrx_word' id='word_1_255' title='bbox 91 2416 111 2450; x_wconf 80' lang='lat'><strong>5</strong></span> <span class='ocrx_word' id='word_1_256' title='bbox 130 2398 469 2450; x_wconf 87' lang='lat' dir='ltr'>quemadmodum</span> <span class='ocrx_word' id='word_1_257' title='bbox 500 2407 639 2451; x_wconf 88' lang='lat' dir='ltr'>captae</span> <span class='ocrx_word' id='word_1_258' title='bbox 664 2401 741 2439; x_wconf 88' lang='lat' dir='ltr'>sint</span> <span class='ocrx_word' id='word_1_259' title='bbox 770 2414 792 2439; x_wconf 87' lang='lat' dir='ltr'>a</span> <span class='ocrx_word' id='word_1_260' title='bbox 821 2400 876 2439; x_wconf 89' lang='lat' dir='ltr'>M.</span> <span class='ocrx_word' id='word_1_261' title='bbox 900 2401 1090 2440; x_wconf 82' lang='lat' dir='ltr'>Marcello</span> <span class='ocrx_word' id='word_1_262' title='bbox 1123 2402 1351 2453; x_wconf 73' lang='lat' dir='ltr'>Syracusae,</span> <span class='ocrx_word' id='word_1_263' title='bbox 1375 2415 1491 2453; x_wconf 70' lang='lat' dir='ltr'>saepe</span> 
     </span>
    </p>
   </div>
  </div>
 </body>
</html>
