1731 2620
175 102 254 144 218
521 111 773 144 exrRAcTs
803 111 942 144 mon!
970 111 1153 144 cremo.
1373 112 1453 145 sm.
1475 111 1516 145 v.

170 214 218 252 de
250 215 364 252 nobis
396 216 543 265 optime
574 216 753 254 meritum
784 223 821 253 et
851 227 919 264 per
950 225 1024 252 nos
1053 224 1143 252 cum
1173 225 1214 252 re
1242 212 1399 264 publica
1422 223 1515 251 con-

170 280 343 318 iunctum
375 290 411 318 et
442 294 464 319 a
496 282 609 319 nobis
636 290 673 319 et
698 293 720 318 a
745 292 785 318 re
810 280 965 330 publica
991 279 1264 329 diiungemus:
1295 278 1354 317 sin
1384 285 1515 317 autem

169 347 352 384 omnibus
374 347 412 384 in
440 347 555 385 rebus
576 348 851 397 obsequemur,
875 346 1046 384 funditus
1075 357 1145 384 eos
1166 345 1290 396 perire
1310 345 1515 397 patiemur,

167 425 334 463 quorum
375 425 455 452 non
495 414 617 452 modo
648 414 772 460 saluti,
794 413 863 452 sed
903 413 1019 451 etiam
1058 412 1282 451 commodis
1311 411 1515 451 consulere
1535 419 1600 462 360

168 480 367 518 debemus.
430 479 542 519 Haec
572 488 629 519 est
659 493 748 525 una,
770 481 800 518 si
831 491 920 518 vere
949 480 1122 529 cogitare
1150 478 1342 525 volumus,
1363 478 1403 517 in
1432 484 1516 516 toto

168 547 332 596 imperio
371 554 438 585 tuo
478 547 697 585 difficultas.
759 547 863 585 Nam
894 558 980 585 esse
1010 546 1284 592 abstinentem,
1315 544 1516 585 continere

167 624 306 650 omnes
337 614 578 663 cupiditates,
610 626 703 652 suos
742 619 934 659 coercere,
964 613 1055 651 iuris
1094 612 1338 663 aequabilem
1382 619 1516 651 tenere

168 679 370 724 rationem,
403 679 554 718 facilem
595 692 636 718 se
667 681 705 718 in
736 680 851 718 rebus
891 678 1191 729 cognoscendis,
1222 679 1261 716 in
1290 677 1515 716 hominibus

167 745 370 784 audiendis
409 746 737 797 admittendisque
777 747 964 797 praebere
1005 744 1248 796 praeclarum
1291 745 1418 795 magis
1458 751 1515 783 est
1535 750 1597 793 365

168 824 285 862 quarn
308 812 470 850 difficile.
531 812 623 851 Non
645 821 703 851 est
731 814 835 851 enirn
858 812 1029 863 positum
1058 812 1097 850 in
1124 810 1258 850 labore
1278 811 1422 862 aliquo,
1444 811 1514 850 sed

167 879 205 917 in
227 877 397 928 quadam
426 879 652 918 inductione
673 879 792 917 animi
824 886 862 918 et
881 879 1089 917 voluntate.
1149 877 1221 916 Illa
1242 889 1362 917 causa
1388 877 1514 929 publi·

167 956 356 983 canorum
384 955 571 995 quantam
600 946 850 984 acerbitatem
871 945 1020 984 adserat
1040 944 1156 984 sociis
1185 943 1446 984 intelleximus
1466 957 1514 984 ex

167 1012 327 1056 civibus,
349 1013 414 1062 qui
444 1025 568 1062 nuper
595 1013 635 1051 in
666 1013 848 1062 portoriis
874 1011 1008 1050 Italiae
1036 1010 1219 1050 tollendis
1249 1022 1333 1050 non
1362 1018 1440 1049 tam
1466 1011 1516 1050 de

167 1079 342 1128 portorio
370 1091 488 1129 quam
517 1079 565 1117 (le
587 1078 786 1117 nonnullis
817 1078 964 1117 iniuriis
986 1078 1218 1129 portitorum
1240 1078 1514 1129 querebantur.
1537 1091 1601 1126 370

168 1144 300 1192 Quare
320 1157 401 1183 non
426 1146 566 1194 ignoro
587 1146 681 1196 quid
702 1145 817 1184 sociis
847 1144 999 1184 accidat
1024 1146 1063 1182 in
1083 1143 1226 1183 ultimis
1251 1144 1373 1192 terris,
1395 1157 1517 1196 quum

167 1211 354 1250 audierim
376 1212 416 1249 in
444 1211 555 1250 Italia
582 1211 758 1263 querelas
780 1211 934 1250 civium.
993 1209 1072 1249 Hic
1099 1217 1137 1249 te
1164 1211 1216 1249 ita
1236 1211 1390 1258 versari,
1410 1218 1454 1250 ut
1480 1220 1517 1250 et

168 1277 385 1327 publicanis
415 1278 644 1325 satisfacias,
678 1279 905 1329 praesertim
945 1277 1111 1328 publicis
1150 1277 1252 1316 male
1291 1277 1516 1329 redemptis,

167 1352 205 1382 et
235 1344 365 1382 socios
404 1345 529 1395 perire
559 1357 640 1383 non
680 1345 796 1391 sinas,
828 1345 979 1382 divinae
1019 1344 1222 1383 cuiusdam
1252 1344 1401 1383 virtutis
1429 1357 1516 1384 esse

167 1410 327 1457 videtur,
349 1410 387 1448 id
408 1418 478 1456 est,
504 1419 604 1449 tuae.
662 1412 722 1449 Ac
751 1411 920 1461 primurn
951 1409 1113 1449 Graecis
1139 1410 1191 1457 id,
1211 1409 1319 1461 quod
1349 1411 1516 1450 acerbis·
1536 1417 1601 1456 375

167 1478 310 1515 simum
350 1485 419 1523 est,
460 1477 569 1527 quod
609 1485 698 1516 sunt
729 1476 948 1527 vectigales,
979 1489 1060 1515 non
1101 1478 1154 1516 ita
1184 1478 1371 1516 acerbum
1398 1476 1519 1517 videri

170 1543 294 1589 debet,
326 1550 534 1594 propterea
573 1544 681 1594 quod
722 1544 803 1582 sine
843 1544 1008 1594 imperio
1049 1544 1185 1594 populi
1226 1543 1400 1583 Romani
1438 1544 1518 1584 suis

167 1611 348 1649 institutis
378 1623 447 1661 per
477 1623 518 1649 se
549 1611 622 1660 ipsi
652 1611 703 1649 ita
732 1611 898 1649 suerunt.
957 1610 1118 1651 Nomen
1157 1618 1288 1650 autem
1321 1611 1518 1663 publicani

167 1678 366 1728 aspernari
394 1689 475 1715 non
502 1684 679 1727 possunt,
702 1678 768 1728 qui
795 1677 968 1728 pendere
995 1678 1070 1727 ipsi
1091 1678 1256 1728 vectigal
1282 1678 1366 1717 sine
1391 1678 1518 1729 publi-

167 1755 269 1783 cano
298 1756 379 1782 non
409 1744 617 1793 potuerint,
648 1743 756 1793 quod
786 1744 830 1782 iis
861 1744 1072 1794 aequaliter
1113 1743 1219 1782 Sulla
1248 1744 1516 1795 descripserat.
1537 1754 1604 1798 380

168 1810 263 1849 Non
293 1822 380 1848 esse
410 1817 539 1848 autern
570 1810 738 1848 leniores
769 1810 807 1847 in
838 1810 1041 1859 exigendis
1067 1811 1320 1861 vectigalibus
1341 1810 1519 1851 Graecos

167 1889 287 1928 quam
317 1883 473 1915 nostros
503 1876 736 1926 publicanos
767 1876 856 1914 hinc
887 1876 1046 1926 intelligi
1077 1883 1218 1927 potest,
1239 1877 1347 1928 quod
1377 1875 1519 1916 Caunii

168 1955 303 1993 nuper,
335 1954 554 1993 omnesque
585 1954 633 1980 ex
664 1942 810 1988 insulis,
841 1954 942 1992 quae
981 1950 1091 1981 erant
1129 1943 1180 1982 ab
1211 1942 1318 1982 Sulla
1352 1943 1519 1983 Rhodiis

168 2011 385 2056 attributae,
406 2009 666 2059 confugerunt
696 2010 746 2047 ad
776 2017 967 2055 senatum,
989 2010 1103 2049 nobis
1125 2018 1168 2049 ut
1194 2012 1326 2061 potius
1354 2011 1519 2063 vectigal

169 2089 288 2128 quam
310 2075 477 2114 Rhodiis
504 2075 732 2126 penderent.
794 2074 926 2122 Quare
948 2088 1096 2114 nomen
1117 2077 1316 2127 publicani
1336 2090 1465 2130 neque
1494 2078 1519 2116 ii
1539 2086 1603 2129 385

170 2145 314 2183 debent
343 2143 499 2181 horrere
529 2142 596 2192 qui
626 2154 782 2192 semper
810 2142 1020 2192 vectigales
1050 2143 1217 2192 suemnt,
1239 2156 1369 2195 neque
1397 2145 1424 2184 ii
1457 2156 1520 2184 as-

170 2210 324 2262 pernari
345 2209 411 2260 qui
441 2221 511 2259 per
541 2220 581 2246 se
613 2208 785 2258 pendere
807 2209 970 2259 vectigal
1001 2222 1082 2248 non
1103 2217 1326 2260 potuerunt,
1345 2223 1474 2264 neque
1494 2211 1520 2250 ii

171 2288 350 2316 recusare
389 2276 456 2326 qui
494 2275 800 2325 postulaverunt.
861 2274 982 2313 Simul
1022 2283 1060 2315 et
1098 2277 1192 2316 illud
1229 2278 1327 2317 Asia
1364 2279 1521 2330 cogitet,

173 2342 318 2382 nullam
349 2354 372 2380 a
402 2354 444 2381 se
481 2353 610 2392 neque
639 2341 728 2380 belli
759 2342 906 2380 externi
941 2354 1070 2392 neque
1110 2343 1414 2383 domesticarum
1443 2345 1522 2384 dis-

173 2409 395 2448 cordiarum
425 2408 684 2447 calamitatem
714 2407 905 2446 afuturam
930 2408 1062 2456 fuisse,
1083 2409 1114 2449 si
1139 2409 1217 2450 hoc
1244 2411 1411 2462 imperio
1439 2423 1521 2452 non
1542 2426 1608 2460 390
