1747 2620
137 79 179 113 11.
206 88 257 119 13.
376 70 554 111 ROME'S
583 79 712 111 RULE
745 79 803 112 oF
833 79 932 111 ΗΕΒ
965 79 1254 111 PROVINCES.
1413 71 1496 125 269

135 181 307 222 iucunda
336 188 439 229 sunt,
461 194 562 233 quae
592 181 710 220 nobis
740 181 837 220 levia
868 181 1058 228 videntur,
1080 180 1272 220 haberent
1301 180 1399 219 haec
1427 181 1498 219 ob-

54 260 114 293 ²45
135 249 370 288 lectamenta
390 256 428 287 et
456 248 594 287 solatia
615 248 816 288 servitutis.
879 248 989 298 Quid
1015 249 1255 288 arbitramini
1277 247 1496 299 Rheginos,

135 317 202 368 qui
223 317 300 355 iam
322 316 426 355 cives
448 315 622 355 Romani
645 323 747 363 sunt,
769 328 920 355 merere
940 316 1050 361 velle,
1066 322 1109 354 ut
1128 317 1179 354 ab
1201 316 1256 354 eis
1277 327 1499 354 marmorea

135 384 273 423 Venus
302 384 368 423 illa
397 384 621 422 auferatur?
652 383 747 435 quid
768 383 1020 431 Tarentinos,
1038 390 1081 422 ut
1100 382 1305 434 Europam
1325 383 1366 421 in
1386 390 1498 421 tauro

135 452 341 490 sedentem
379 451 587 489 amittant?
635 458 679 490 ut
719 450 913 502 Satyrum,
944 451 1012 501 qui
1051 451 1158 501 apud
1198 450 1285 489 illos
1324 450 1365 488 in
1401 450 1499 489 aede

134 518 282 558 Vestae
312 519 398 557 est?
427 525 471 557 ut
500 518 659 557 cetera?
689 518 784 569 quid
811 518 1092 569 Thespienses‚
1114 525 1156 556 ut
1184 517 1390 568 Cupidinis
1420 519 1498 568 sig-

54 603 116 636 250
134 599 241 634 num,
263 593 425 637 propter
450 586 558 636 quod
588 598 712 624 unum
736 586 914 624 visuntur
941 586 1170 637 Thespiae?
1202 585 1298 637 quid
1319 585 1496 631 Cnidios,

133 662 177 693 ut
214 653 416 693 Venerem
455 655 750 692 marmoream?
791 654 898 704 quid,
937 661 980 692 ut
1020 654 1178 704 pictam,
1221 652 1362 692 Coos?
1402 654 1498 703 quid

133 721 344 773 Ephesios,
366 728 409 760 ut
428 721 729 760 Alexandrum?
769 722 864 772 quid
895 720 1125 772 CyzicenOS,
1156 728 1199 760 ut
1228 722 1392 759 Aiacem
1433 729 1499 760 aut

134 789 347 828 Medeam?
377 789 474 839 quid
504 789 698 835 Rhodios,
720 796 762 827 ut
792 788 995 839 Ialysum?
1027 788 1122 840 quid
1151 788 1427 836 Athenienses,
1456 796 1499 827 ut

133 869 183 896 ex
221 868 419 895 marmore
458 856 662 903 Iacchum,
692 864 759 894 aut
798 856 981 894 Paralum
1021 857 1183 907 pictum,
1216 864 1283 894 aut
1323 869 1372 894 ex
1408 869 1498 894 aere

0 976 3 978 ‚
35 934 112 967 ,²55
133 923 314 975 Myronis
342 923 553 962 buculam?
603 923 791 974 Longum
822 931 880 962 est
910 931 949 962 et
977 936 1061 962 non
1091 923 1358 961 necessarium
1389 935 1498 962 com-

132 1003 366 1038 memorare,
396 1003 498 1041 quae
538 990 646 1041 apud
675 1003 856 1042 quosque
886 991 1050 1029 visenda
1089 997 1180 1028 sunt
1219 996 1303 1028 tota
1331 991 1430 1029 Asia
1460 998 1498 1029 et

133 1058 322 1097 Graecia:
351 1070 488 1096 verum
519 1058 612 1096 illud
643 1065 713 1104 est,
744 1059 1005 1108 quamobrem
1041 1057 1138 1096 haec
1170 1069 1495 1104 commemorem,

133 1126 242 1178 quod
270 1126 493 1164 existimare
522 1137 593 1164 vos
631 1125 709 1164 hoc
739 1125 842 1171 volo,
873 1125 1016 1163 mirum
1056 1124 1272 1175 quemdam
1312 1124 1491 1163 dolorem

131 1194 310 1245 accipere
331 1204 412 1240 e03‚
434 1205 484 1232 ex
504 1205 674 1244 quorum
694 1193 856 1231 urbibus
877 1192 975 1231 haec
996 1192 1231 1230 auferantur.

50 1264 114 1299 260
193 1273 254 1300 10.
285 1261 430 1312 Atque,
459 1267 504 1299 ut
542 1268 694 1299 ceteros
733 1247 970 1305 omittamus,
1012 1259 1061 1298 de
1101 1260 1197 1310 ipsis
1239 1258 1495 1310 Syracusanis

132 1328 389 1379 cognoscite:
420 1327 471 1366 ad
500 1340 602 1378 quos
630 1339 706 1378 ego
735 1339 859 1377 quum
889 1328 1098 1375 venissem,
1121 1329 1175 1366 sic
1207 1329 1335 1379 primo
1364 1327 1495 1365 existi·
1528 1350 1532 1353 -

97 1395 303 1451 'mabam,
338 1400 380 1432 ut
421 1394 575 1433 Romae
615 1407 664 1433 ex
704 1394 812 1433 istius
843 1394 979 1432 amicis
1019 1407 1263 1445 acceperam,
1301 1395 1496 1434 civitatem

133 1462 422 1514 Syracusanam
453 1470 614 1513 propter
645 1461 819 1501 Heraclii
849 1462 1105 1501 hereditatem
1135 1475 1218 1501 non
1248 1463 1380 1501 minus
1409 1475 1496 1501 esse

131 1529 194 1568 isti
225 1530 405 1577 amicam,
428 1542 548 1581 quarn
579 1529 860 1568 Mamertinam
890 1537 1049 1580 propter
1080 1530 1317 1580 praedarum
1348 1542 1394 1568 ac
1418 1529 1496 1568 fur-

52 1599 112 1642 265
132 1603 262 1636 torum
297 1598 478 1636 omnium
507 1597 748 1636 societatem.
808 1597 947 1648 Itaque
990 1597 1192 1647 Syracusis
1228 1609 1319 1636 cum
1349 1596 1496 1636 civibus

134 1663 328 1704 Romanis
357 1677 488 1703 eram:
520 1677 658 1703 eorum
687 1665 840 1704 tabulas
870 1665 1136 1715 exquirebam,
1159 1665 1317 1703 iniurias
1346 1677 1496 1716 cogno-

134 1732 320 1771 scebam:
369 1744 394 1771 a
440 1731 699 1783 Syracusanis
748 1744 910 1783 prorsus
957 1731 1052 1770 nihil
1100 1731 1316 1770 adiumenti
1364 1745 1495 1784 neque

132 1799 288 1850 publice
317 1811 447 1851 neque
476 1800 656 1850 privatim
687 1800 988 1850 exspectabam:
1019 1811 1148 1850 neque
1180 1806 1261 1837 erat
1291 1799 1330 1837 in
1361 1799 1495 1837 animo

132 1866 343 1917 postulare.
401 1865 539 1914 Quum
568 1866 666 1906 haec
697 1879 868 1917 agerem,
890 1874 1051 1917 repente
1082 1867 1133 1905 ad
1160 1879 1224 1905 me
1244 1867 1348 1905 venit
1369 1865 1496 1904 Hera-

51 1949 116 1982 270
134 1934 230 1973 clius
257 1934 301 1980 is,
323 1934 390 1985 qui
420 1940 503 1972 tum
530 1934 803 1983 magistratum
836 1933 1039 1984 Syracusis
1067 1933 1246 1980 habebat,
1269 1933 1391 1971 homo
1422 1945 1496 1971 no·

133 2000 232 2045 bilis,
249 2001 316 2052 qui
337 2001 524 2040 sacerdos
545 2000 651 2039 Iovis
671 2000 818 2048 suisset,
842 2001 908 2051 qui
936 2001 1066 2040 honos
1097 2001 1204 2052 apud
1225 2000 1496 2051 Syracusanos

133 2074 194 2106 est
212 2068 501 2118 amplissimus:
523 2068 602 2117 agit
622 2080 792 2115 mecum,
815 2075 853 2106 et
874 2081 964 2107 cum
986 2068 1101 2106 fratre
1123 2079 1226 2114 meo,
1248 2074 1301 2114 ut,
1325 2067 1356 2105 si
1378 2068 1494 2106 nobis

133 2134 337 2181 videretur,
369 2134 566 2173 adiremus
605 2134 656 2173 ad
695 2147 832 2173 eorum
864 2143 1070 2174 senatum:
1102 2135 1326 2185 frequentes
1348 2145 1434 2172 esse
1457 2135 1495 2172 in

133 2202 259 2241 curia:
288 2214 330 2241 se
350 2203 458 2242 iussu
479 2208 638 2241 senatus
658 2215 682 2241 a
702 2203 818 2241 nobis
839 2210 982 2253 petere,
1005 2209 1047 2241 ut
1068 2203 1299 2241 veniremus.
1362 2200 1494 2239 Primo

53 2279 114 2316 ²75
134 2270 251 2309 nobis
291 2269 363 2308 suit
402 2269 568 2308 dubium
609 2270 705 2321 quid
744 2282 977 2320 ageremus:
1024 2269 1167 2307 deinde
1208 2269 1286 2306 cito
1322 2267 1426 2305 venit
1456 2267 1495 2305 in

135 2343 311 2374 mentem
350 2348 434 2375 non
474 2348 560 2376 esse
602 2337 803 2376 vitandum
853 2337 969 2376 nobis
1019 2337 1126 2374 illum
1177 2341 1416 2375 conventum
1457 2342 1495 2372 et

134 2402 278 2442 locum.

8 2458 52 2620 ὲ
774 2487 802 2516 υ
