1731 2620
219 108 299 150 274
577 107 829 139 EXTRACTS
860 106 996 138 FROM
1026 106 1211 140 CICERO.
1419 109 1498 142 Sect.
1516 109 1555 141 V.

213 209 315 247 liunc
345 216 383 247 ct
413 209 517 247 illum
550 208 815 251 Numidicum,
848 220 977 246 verum
1017 220 1062 246 ac
1092 219 1323 258 germanum
1354 207 1556 246 Metellum

213 276 423 313 interesset.
483 276 595 313 Illum
614 276 784 314 noluisse
805 288 874 313 sua
890 275 1112 313 laudatione
1132 275 1260 313 iuvare
1281 274 1325 313 L.
1339 274 1556 320 Lucullum,
1576 287 1638 320 4¹5

212 342 354 380 sororis
393 342 526 387 virum,
567 343 724 391 quicum
766 343 912 391 optimc
954 342 1226 388 convenisset;
1266 340 1370 380 hunc
1407 339 1557 379 homini

212 409 446 446 alienissimo
475 421 497 446 a
523 409 738 447 civitatibus
766 409 1008 448 laudationes
1037 420 1105 459 per
1125 409 1203 446 vim
1223 414 1259 447 et
1280 414 1428 446 metum
1449 418 1556 445 com-

211 487 357 524 parare.
418 476 538 523 Quod
572 477 637 514 ubi
678 476 857 521 intellexi,
892 476 1056 514 multum
1094 474 1199 525 apud
1237 474 1344 512 illum
1382 480 1557 512 recentes

211 543 379 588 nuntios,
402 543 564 580 multum
594 542 742 580 tabulas
764 554 844 580 non
866 542 1226 587 commendaticias,
1248 540 1318 579 sed
1339 539 1557 578 tributarias

158 617 160 621 ’
212 609 397 646 valuisse:
429 609 631 647 admonitu
659 609 832 659 ipsorum
863 608 1198 659 Syracusanorum
1220 607 1410 657 impetum
1431 606 1470 644 in
1491 618 1557 645 eas
1576 616 1641 646 4²0

211 677 360 714 tabulas
391 676 502 722 facio,
533 677 572 714 in
603 676 743 727 quibus
774 684 931 714 senatus
963 675 1142 714 consulta
1180 673 1395 725 perscripta
1435 679 1555 712 erant.

211 742 313 781 Ecce
335 751 463 781 autern
485 755 587 781 nova
609 743 719 780 turba
739 748 854 792 atque
875 743 967 780 rixa.
1019 741 1080 780 Ne
1102 748 1230 779 tamen
1256 741 1371 779 istum
1396 741 1558 780 omnino

212 810 412 859 Syracusis
434 811 514 848 sine
543 810 689 855 amicis,
714 809 796 847 sine
824 808 1056 858 hospitibus,
1080 807 1196 858 plane
1223 807 1373 846 nudum
1401 819 1486 846 esse
1513 819 1559 845 ac

211 877 404 914 desertum
437 877 603 926 putetis:
635 876 796 913 retinere
818 876 946 925 coepit
978 875 1128 912 tabulas
1149 873 1444 912 Theomnastus
1474 873 1558 924 qui-

210 943 312 989 dam,
339 942 460 981 homo
491 942 648 980 ridicule
676 942 845 986 insanus,
876 954 994 991 quem
1031 940 1262 991 Syracusani
1292 939 1556 979 Theoractum
1579 953 1639 985 4²5

210 1018 370 1048 vocant:
408 1010 472 1059 qui
504 1009 576 1047 illic
607 1008 797 1046 eiusmodi
829 1016 896 1052 cst,
929 1014 969 1044 ut
999 1019 1088 1045 eum
1123 1006 1231 1056 pueri
1263 1013 1480 1045 sectentur:
1518 1012 1560 1044 ut

210 1089 359 1122 omnes,
389 1088 508 1127 quum
539 1075 644 1125 loqui
673 1075 813 1125 coepit,
837 1074 1030 1112 irrideant.
1090 1072 1219 1111 Huius
1245 1080 1376 1111 tamen
1396 1072 1557 1119 insania,

209 1155 308 1193 quae
340 1142 498 1181 ridicula
528 1149 585 1180 est
616 1141 710 1188 aliis,
742 1140 835 1178 mihi
866 1147 947 1178 tum
978 1139 1146 1178 molesta
1176 1151 1271 1178 sane
1313 1139 1393 1178 suit.
1453 1138 1557 1177 Nam

209 1222 330 1259 quum
362 1221 521 1260 spumas
557 1215 688 1258 ageret
727 1208 764 1244 in
796 1219 874 1253 ore,
907 1207 1086 1245 arderent
1116 1206 1230 1252 oculi,
1262 1218 1358 1245 voce
1387 1206 1558 1244 maxima

209 1277 286 1314 vim
326 1289 388 1314 me
418 1277 490 1314 sibi
530 1275 665 1313 afferre
696 1274 891 1320 clamaret,
921 1273 1092 1323 copulati
1123 1273 1160 1310 in
1200 1273 1258 1311 ius
1297 1273 1557 1323 pervenimus.
1577 1288 1643 1321 430

210 1342 288 1381 Hic
317 1355 392 1393 ego
422 1343 616 1393 postulare
647 1342 771 1391 coepi,
802 1348 843 1379 ut
873 1340 965 1378 mihi
996 1339 1145 1378 tabulas
1175 1339 1384 1389 obsignare
1414 1351 1460 1377 ac
1491 1338 1558 1377 de-

209 1417 361 1460 portare
389 1409 528 1448 liceret.
587 1408 655 1446 Ille
678 1414 813 1446 contra
834 1407 983 1445 dicere:
1015 1418 1158 1456 negare
1180 1417 1265 1444 esse
1286 1405 1380 1444 illud
1399 1411 1558 1444 senatus

210 1476 443 1523 consultum,
466 1477 505 1513 in
527 1487 606 1526 quo
634 1481 790 1525 praetor
820 1473 1035 1524 appellatus
1063 1478 1197 1520 esset3
1227 1483 1372 1522 negare
1398 1470 1438 1509 id
1465 1458 1558 1509 m'ihi

209 1543 305 1581 tradi
327 1549 517 1592 oportere.
577 1541 666 1591 Ego
688 1541 816 1590 legem
838 1540 1007 1585 recitare,
1026 1539 1203 1577 omnium
1225 1537 1319 1576 mihi
1340 1537 1558 1576 tabularum

209 1616 246 1647 et
267 1609 475 1647 litterarum
506 1608 587 1646 fieri
614 1613 848 1658 potestatem
880 1612 1072 1656 oportere.
1131 1604 1199 1643 Ille
1221 1604 1388 1643 furiosus
1409 1615 1558 1654 urgere,
1579 1618 1642 1652 435

208 1675 301 1713 nihil
315 1675 362 1713 ad
380 1687 420 1713 se
438 1681 591 1713 nostras
612 1674 718 1723 leges
736 1674 938 1724 pertinere.
998 1671 1157 1710 Praetor
1179 1671 1397 1722 intelligens
1413 1682 1558 1720 negare

209 1745 279 1782 sibi
306 1743 469 1792 placere,
492 1741 600 1791 quod
630 1748 787 1778 senatus
818 1738 1040 1777 consultum
1068 1745 1192 1777 ratum
1223 1750 1309 1776 esse
1338 1749 1421 1776 non
1441 1737 1559 1775 debe-

208 1819 276 1857 ret,
298 1810 337 1849 id
358 1822 421 1847 me
443 1808 613 1846 Romam
636 1807 852 1856 deportare.
911 1805 1018 1853 Quid
1038 1805 1186 1843 multa?
1243 1803 1329 1843 Nisi
1349 1803 1558 1842 vehemen-

207 1879 282 1915 tius
302 1876 450 1915 homini
471 1875 640 1912 minatus
661 1885 789 1911 essem
808 1887 815 1910 :
847 1872 920 1910 nisi
949 1872 1081 1922 legum
1102 1871 1346 1909 sanctionem
1367 1881 1557 1920 poenam-

207 1956 283 1993 que
322 1943 556 1987 recitassem,
587 1939 805 1978 tabularum
836 1938 930 1976 mihi
970 1945 1146 1988 potestas
1180 1936 1283 1975 facta
1322 1947 1404 1974 non
1443 1942 1556 1974 esset.
1577 1948 1642 1980 4⁴0

207 2009 277 2048 Ille
307 2016 437 2047 autem
468 2008 639 2053 insanus,
662 2005 727 2055 qui
758 2016 830 2054 pro
859 2005 934 2042 isto
962 2011 1099 2042 contra
1127 2009 1190 2042 me
1220 2002 1558 2041 vehementissime

209 2076 478 2119 declamasset,
500 2081 709 2123 postquam
740 2081 822 2108 non
852 2071 1081 2120 impetravit,
1104 2069 1234 2115 credo,
1255 2075 1297 2106 ut
1326 2069 1366 2106 in
1394 2068 1558 2118 gratiam

209 2154 364 2180 mecum
392 2140 542 2185 rediret,
565 2139 736 2176 libellum
767 2137 861 2175 mihi
893 2137 970 2181 dat,
994 2137 1031 2172 in
1063 2147 1143 2186 quo
1174 2135 1284 2173 istius
1314 2133 1414 2171 furta
1445 2132 1559 2183 Syra-

210 2220 354 2247 cusana
384 2206 597 2257 perscripta
619 2211 727 2244 erant
747 2218 754 2242 :
787 2215 887 2255 quae
903 2214 978 2253 ego
999 2202 1075 2240 iam
1097 2207 1211 2240 antea
1231 2201 1280 2239 ab
1309 2199 1382 2238 illis
1411 2210 1559 2250 cogno-

210 2287 293 2314 ram
314 2282 351 2314 et
378 2283 619 2323 acceperam.
1579 2283 1643 2317 445

1707 2330 1719 2410 1⁵⁴«,-
1709 2280 1719 2324 225
1711 2265 1717 2273 ι
1718 2223 1719 2227 Α
1716 2184 1718 2189 .
