1747 2620
215 91 260 123 11.
281 99 312 122 2.
450 71 637 116 ROME'S
669 77 798 110 RULE
834 74 893 107 OF
925 72 1022 104 HER
1058 66 1350 101 PROVINCES.
1509 63 1589 104 227

212 193 276 233 hic
316 190 512 230 dedisset:
557 183 739 237 proinde,
775 180 808 219 si
849 182 1014 229 saperet,
1052 174 1200 213 videret
1238 170 1335 222 quid
1376 167 1450 207 sibi
1491 172 1595 204 esset

213 258 452 300 faciendum.
512 253 665 300 Homo,
686 258 934 301 quamquam
961 251 1044 283 erat
1072 250 1111 281 et
1138 239 1295 280 Siculus
1325 244 1363 276 et
1393 247 1496 281 reus,
1518 233 1596 271 hoc

213 335 284 379 est,
316 333 354 367 et
382 326 465 364 iure
500 322 638 372 iniquo
674 326 713 358 et
747 324 927 367 tempore
963 312 1142 357 adverso,
1174 309 1275 347 ferre
1311 313 1447 344 tamen
1477 309 1596 352 atque

151 408 196 440 40
214 396 348 435 audire
363 393 508 432 diutius
522 385 824 428 Timarchidem
840 395 925 422 non
941 380 1093 433 potuit:
1116 373 1293 421 ‘Facite,’
1310 372 1449 423 inquit,
1464 372 1472 389 ‘
1487 367 1597 420 quod

213 464 327 504 vobis
348 463 441 501 libet
454 474 464 508 ;
496 459 658 498 daturus
679 467 763 492 non
785 464 874 491 sum
896 445 1092 500 amplius.'
1152 444 1346 492 Idemque
1364 440 1441 478 hoc
1459 436 1598 476 amicis

215 532 300 572 eius
327 537 365 569 et
392 525 668 568 defensoribus
696 522 923 561 videbatur:
956 524 1076 568 atque
1104 525 1154 553 eo
1183 512 1302 551 etiam
1325 507 1468 558 magis,
1489 503 1599 555 quod

216 601 300 647 iste,
323 608 488 650 quoquo
516 592 641 632 modo
670 603 712 629 se
740 589 780 627 in
808 600 856 626 ea
883 584 1119 638 quaestione
1146 578 1377 632 praebebat,
1403 583 1538 613 tamen
1560 572 1600 610 in

217 667 386 708 consilio
415 663 590 702 habebat
620 658 806 697 homines
837 655 1030 693 honestos
1060 663 1081 689 e
1110 652 1310 688 conventu
1337 643 1600 695 Syracusano,

155 744 198 781 45
218 736 286 788 qui
308 730 513 773 Sacerdoti
534 739 695 780 quoque
716 725 757 763 in
779 721 947 763 consilio
971 719 1124 758 fuerant
1145 723 1242 762 tum,
1265 724 1390 765 quum
1411 717 1470 749 est
1496 709 1602 747 idern

219 804 283 843 hic
320 801 489 852 Sopater
524 795 742 836 absolutus.
802 790 898 829 Hoc
934 787 1097 827 rationis
1128 783 1341 827 habebant,
1373 779 1503 818 facere
1534 788 1603 815 eos

220 867 329 907 nullo
359 864 484 904 modo
519 872 653 914 posse,
683 865 728 897 ut
763 856 908 896 eodem
939 852 1117 897 crimine,
1149 848 1291 887 iisdem
1321 844 1498 889 testibus,
1532 839 1604 878 So-

220 941 378 987 patrum
399 931 717 972 condemnarent
738 924 858 964 iidem
879 921 1075 966 homines,
1099 917 1167 969 qui
1189 922 1305 954 antea
1331 910 1603 951 absolvissent.

222 1004 364 1054 Itaque
390 1001 467 1040 hac
494 1011 576 1037 una
604 1008 675 1047 spe
703 994 755 1033 ad
782 991 972 1031 iudicium
996 988 1164 1026 venitur.
1224 983 1318 1032 Quo
1340 986 1605 1032 posteaquam

161 1086 203 1119 50
222 1078 385 1111 ventum
405 1075 476 1116 est,
498 1078 624 1118 quum
644 1065 684 1102 in
707 1060 917 1101 consilium
937 1057 1165 1108 frequentes
1183 1049 1466 1091 convenissent
1486 1045 1606 1084 iidem

223 1140 292 1192 qui
319 1137 512 1182 solebant,
536 1140 574 1172 et
594 1133 669 1171 hac
697 1142 777 1170 una
804 1140 875 1179 spe
904 1132 987 1165 tota
1016 1121 1196 1163 defensio
1226 1115 1386 1169 Sopatri
1406 1115 1606 1158 niteretur,

223 1208 376 1249 consilii
397 1203 620 1256 frequentia
648 1208 686 1240 et
713 1198 916 1250 dignitate,
939 1201 977 1233 et
1006 1191 1116 1245 quod
1144 1195 1267 1236 erant,
1289 1192 1332 1225 ut
1361 1183 1453 1231 dixi,
1474 1182 1607 1229 iidem,

225 1277 293 1330 qui
324 1281 442 1315 antea
474 1272 689 1323 Sopatrum
719 1266 866 1306 eodem
895 1262 961 1302 illo
993 1260 1157 1300 crimine
1188 1257 1424 1296 liberarant:
1456 1261 1609 1301 cogno-

227 1346 324 1385 scite
353 1340 528 1382 hominis
563 1344 754 1389 apertam,
785 1345 832 1372 ac
864 1343 948 1370 non
982 1328 1107 1367 modo
1140 1338 1223 1365 non
1258 1322 1425 1367 ratione,
1457 1319 1528 1358 sed
1560 1330 1610 1355 ne

123 1462 131 1469 ,
167 1424 207 1456 55
228 1411 543 1453 dissimulatione
583 1405 748 1458 quidem
786 1407 932 1440 tectam
972 1396 1269 1448 improbitatem
1309 1397 1348 1429 et
1388 1387 1608 1427 audaciam.

231 1482 287 1521 M.
309 1479 505 1524 Petilium,
528 1475 704 1526 equitem
735 1470 980 1514 Romanurn,
1003 1475 1125 1517 quem
1155 1460 1330 1500 habebat
1359 1457 1402 1495 in
1432 1453 1611 1500 consilio,

230 1551 340 1589 iubet
370 1557 536 1599 operam
566 1543 672 1588 dare,
694 1539 804 1591 quod
833 1537 888 1576 rei
917 1534 1092 1587 privatae
1123 1529 1244 1569 iudex
1275 1531 1392 1565 esset.
1451 1521 1613 1561 Petilius

231 1617 451 1663 recusabat,
473 1612 583 1665 quod
605 1622 700 1650 suos
722 1607 885 1653 amicos,
909 1615 1011 1655 quos
1033 1601 1107 1640 sibi
1128 1599 1169 1637 in
1190 1595 1357 1637 consilio
1378 1605 1465 1632 esse
1487 1590 1613 1638 vellet,

232 1688 317 1740 ipse
345 1685 493 1724 Verres
528 1680 724 1720 retineret.
783 1675 864 1714 Iste
894 1673 1018 1712 homo
1048 1668 1218 1708 liberalis
1249 1670 1371 1715 negat
1401 1674 1444 1701 se
1475 1672 1613 1712 quem-

173 1757 216 1790 60
232 1766 356 1808 quam
393 1752 562 1791 retinere
603 1757 754 1791 eorum,
785 1742 853 1794 qui
892 1739 1034 1779 Petilio
1073 1736 1218 1775 vellent
1256 1732 1411 1771 adesse.
1473 1727 1614 1778 Itaque

234 1822 444 1864 discedunt
478 1829 632 1858 omnes.
692 1812 801 1853 Nam
836 1809 956 1850 ceteri
991 1817 1153 1859 quoque
1188 1804 1414 1853 impetrant,
1445 1809 1496 1835 ne
1527 1795 1614 1834 reti-

234 1898 415 1937 neantur,
438 1887 507 1939 qui
534 1898 577 1925 se
601 1882 700 1922 velle
729 1880 916 1920 dicebant
943 1873 1117 1915 alterutri
1145 1882 1296 1917 eorum,
1319 1867 1493 1919 quitum
1520 1862 1616 1902 illud

235 1961 427 2001 iudicium
464 1954 678 1999 habebant,
719 1949 872 1988 adesse.
945 1945 1086 1995 Itaque
1133 1942 1206 1980 iste
1253 1937 1362 1978 solus
1407 1947 1500 1973 cum
1545 1944 1616 1971 sua

238 2030 403 2070 cohorte
437 2022 683 2075 nequissima
716 2016 962 2068 relinquitur.
1021 2011 1118 2050 Non
1154 2007 1360 2049 dubitabat
1399 2003 1614 2048 Minucius,

179 2105 218 2147 65
239 2099 308 2151 qui
329 2097 544 2147 Sopatrum
560 2087 812 2133 defendebat,
835 2084 932 2136 quin
952 2083 1036 2128 iste,
1055 2078 1248 2132 quoniam
1269 2073 1480 2114 consilium
1502 2070 1615 2109 dimi-

241 2169 365 2214 sisset,
396 2164 463 2203 illo
495 2161 558 2200 die
589 2170 674 2197 rem
703 2155 811 2194 illam
841 2152 1091 2203 quaesiturus
1122 2159 1206 2185 non
1237 2150 1362 2184 esset:
1403 2153 1528 2193 quum
1558 2152 1617 2176 re-

240 2241 360 2289 pente
394 2231 550 2271 iubetur
581 2226 723 2266 dicere.
783 2218 1041 2271 Respondet:
1086 2214 1174 2254 ‘Ad
1205 2225 1307 2264 quos
1321 2211 1347 2250 ?'
1409 2208 1498 2247 ‘Ad
1528 2206 1616 2253 me,'

241 2303 382 2355 inquit,
403 2303 412 2320 ‘
427 2299 460 2338 si
479 2296 549 2336 tibi
569 2294 739 2333 idoneus
759 2289 906 2336 videor,
929 2287 997 2338 qui
1018 2286 1067 2324 de
1088 2283 1253 2322 homine
1275 2278 1407 2318 Siculo
1427 2289 1473 2315 ac
1495 2274 1619 2314 Grae-

243 2371 334 2412 culo
348 2363 545 2408 iudicem?
608 2360 808 2399 ‘Idoneus
829 2356 896 2403 es,'
914 2354 1042 2406 inquit
1055 2367 1064 2401 ;
1096 2350 1189 2390 ‘sed
1207 2347 1418 2401 pervellem
1434 2344 1620 2383 adessent

185 2454 227 2490 70
244 2439 282 2488 ii,
303 2437 371 2490 qui
392 2433 587 2474 affuerant
614 2435 731 2469 antea
751 2435 994 2475 causamque
1016 2417 1262 2471 cognorant?
1324 2412 1447 2461 ‘Dic,’
1471 2411 1619 2462 inquit:
