1747 2620
151 112 193 144 11.
216 122 250 155 9.
393 102 569 144 ROME'S
599 111 727 143 RULE
760 111 818 142 OF
849 111 945 142 HER
981 110 1264 142 PROVINCES.
1430 109 1505 156 251

150 214 297 254 scelere
325 214 537 254 auferebat.
597 214 706 263 Quid
734 215 811 254 hoc
841 222 922 253 tota
953 214 1082 253 Sicilia
1112 221 1170 254 est
1210 214 1362 260 clarius,
1394 224 1513 263 quam

152 294 294 321 omnes
333 281 572 333 Segestanas
607 289 809 321 matronas
840 290 878 321 et
911 282 1081 332 virgines
1112 281 1358 326 convenisse,
1391 291 1511 330 quum

91 366 135 401 90
152 349 284 388 Diana
329 357 601 400 exportaretur
640 362 690 388 ex
730 349 895 400 oppido,
935 349 1097 387 unxisse
1136 347 1362 398 unguentis,
1404 358 1512 385 com-

151 416 282 468 plesse
313 416 472 456 coronis
504 423 543 455 et
571 416 746 463 floribus,
777 425 861 455 ture
889 416 1158 466 odoribusque
1186 414 1359 453 incensis
1388 425 1514 463 usque

151 484 202 522 ad
227 483 311 534 agri
332 483 431 522 fines
455 492 686 535 prosecutas
717 485 831 523 esse?
890 483 1011 522 Hanc
1038 490 1080 521 tu
1107 490 1258 521 tantam
1282 481 1514 531 religionem

152 551 185 590 si
205 558 290 590 tum
310 551 351 590 in
372 552 538 602 imperio
566 559 728 604 propter
758 552 1015 603 cupiditatem
1046 558 1164 602 atque
1193 550 1400 589 audaciam
1431 561 1514 586 non

150 620 482 670 pertimescebas:
514 632 564 659 ne
589 632 696 659 nunc
723 620 885 671 quidem
915 619 956 657 in
986 626 1095 658 tanto
1126 626 1195 657 tuo
1222 618 1516 667 liberorumque

88 699 132 735 95
151 693 309 725 tuorum
348 686 523 737 periculo
565 686 860 738 perhorrescis?
934 685 1067 734 Quem
1106 686 1175 724 tibi
1215 691 1280 723 aut
1310 684 1515 722 hominem

151 754 279 792 invitis
311 754 384 792 diis
414 754 713 800 immortalibus,
746 761 813 792 aut
842 766 933 792 vero
965 754 1084 792 deum
1114 753 1231 792 tantis
1261 765 1398 791 eorum
1429 752 1515 790 reli·

151 821 338 872 gionibus
367 821 520 860 violatis
559 822 705 860 auxilio
736 821 909 860 futurum
949 822 1094 871 putas?
1153 821 1245 858 Tibi
1284 820 1347 858 illa
1382 819 1513 857 Diana

151 889 190 926 in
222 901 321 939 pace
349 896 466 940 atque
488 889 528 927 in
559 889 641 928 otio
662 889 895 939 religionem
916 888 1064 926 nullam
1086 888 1236 926 attulit?
1269 899 1370 938 quae
1392 899 1516 938 quum

153 955 251 995 duas
290 957 408 995 urbes
454 957 495 994 in
536 957 678 1007 quibus
723 957 854 995 locata
900 956 1026 994 fuerat
1072 962 1208 1005 captas
1254 956 1517 1005 incensasque

74 1047 136 1072 100
153 1024 324 1071 vidisset,
354 1024 415 1063 bis
446 1036 494 1062 ex
535 1023 704 1062 duorum
734 1023 927 1062 bellorum
958 1022 1119 1060 flamma
1148 1022 1331 1073 ferroque
1366 1029 1518 1060 servata

154 1098 238 1140 est;
271 1104 371 1142 quae
400 1091 794 1141 Karthaginiensium
814 1090 976 1129 victoria
1000 1090 1090 1128 loco
1111 1097 1264 1128 mutato
1284 1089 1518 1139 religionem

154 1165 289 1196 tamen
319 1170 402 1197 non
433 1159 574 1205 amisit,
598 1157 640 1195 P.
664 1157 841 1196 Africani
863 1158 1001 1195 virtute
1030 1156 1263 1206 religionem
1292 1156 1407 1194 simul
1429 1169 1519 1194 cum

155 1225 244 1265 loco
264 1226 518 1276 recuperavit.
578 1224 672 1272 Quo
695 1225 857 1276 quidem
874 1224 1019 1262 scelere
1037 1231 1236 1273 suscepto,
1255 1235 1374 1275 quum
1394 1224 1520 1261 inanis

157 1301 263 1333 esset
282 1294 400 1341 basis,
423 1300 462 1332 et
482 1294 522 1332 in
543 1306 590 1332 ea
611 1293 652 1331 P.
677 1293 852 1332 Africani
873 1304 1024 1331 nomen
1044 1292 1234 1330 incisum:
1266 1304 1328 1330 res
1357 1292 1521 1341 indigna

76 1373 137 1406 ¹05
158 1368 274 1413 atque
304 1361 552 1400 intoleranda
582 1360 786 1399 videbatur
816 1360 1014 1406 omnibus,
1037 1371 1120 1397 non
1151 1359 1280 1397 solum
1310 1359 1520 1410 religiones

99 1461 106 1469 .
157 1441 244 1468 esse
274 1428 448 1475 violatas,
469 1440 605 1467 verum
634 1428 752 1466 etiam
779 1427 821 1466 P.
845 1426 1033 1473 Africani,
1055 1427 1123 1464 viri
1151 1426 1363 1473 fortissimi,
1392 1439 1522 1465 rerum

157 1503 358 1547 gestarum
387 1495 566 1545 gloriam,
589 1495 823 1534 memoriam
854 1495 1016 1541 virtutis,
1047 1500 1309 1532 monumenta
1338 1494 1522 1532 victoriae

159 1563 206 1602 C.
222 1562 390 1602 Verrem
413 1563 630 1602 sustulisse.
691 1561 813 1609 Quod
835 1574 957 1612 quum
978 1561 1041 1600 isti
1062 1561 1349 1599 renuntiaretur
1366 1560 1414 1599 de
1435 1562 1521 1600 basi

159 1643 206 1670 ac
234 1630 382 1677 litteris,
408 1630 640 1668 existimavit
670 1630 853 1668 homines
883 1630 923 1667 in
954 1628 1195 1667 oblivionem
1226 1628 1345 1666 totius
1374 1629 1524 1678 negotii

80 1713 142 1738 110
160 1709 248 1737 esse
267 1704 465 1744 venturos,
488 1697 520 1735 si
549 1697 667 1735 etiam
688 1697 826 1743 basim,
848 1703 1053 1747 tamquam
1074 1696 1246 1734 indicem
1274 1695 1333 1733 sui
1355 1695 1522 1741 sceleris,

161 1764 389 1804 sustulisset.
433 1763 572 1816 Itaque
589 1764 805 1802 tollendam
827 1764 936 1802 istius
958 1763 1124 1813 imperio
1141 1762 1368 1801 locaverunt
1381 1775 1389 1809 ;
1423 1774 1524 1812 quae

159 1832 272 1870 vobis
292 1830 438 1870 locatio
459 1844 508 1870 ex
530 1831 697 1882 publicis
721 1831 1031 1881 Segestanorum
1051 1830 1186 1869 litteris
1208 1830 1338 1880 priore
1367 1830 1522 1868 actione

160 1899 322 1938 recitata
342 1905 412 1937 est.

358 2016 399 2050 9.
430 2010 536 2049 How
566 2011 697 2049 Verres
717 2012 860 2049 lrealed
876 2010 1033 2060 Sopater
1053 2015 1096 2048 αι’
1116 2010 1319 2059 Ij'nahrz's.

225 2121 257 2146 1.
288 2108 342 2146 At
361 2106 440 2146 hoc
461 2106 591 2146 solum
620 2106 797 2146 Africani
825 2114 1130 2145 monumentum
1151 2107 1331 2146 violasti?
1390 2107 1526 2155 Quid?

163 2189 187 2216 a
225 2173 508 2225 Tyndaritanis
548 2185 631 2212 non
671 2173 848 2213 eiusdem
890 2173 1087 2225 Scipionis
1126 2175 1322 2213 beneficio
1352 2176 1526 2225 positum

163 2241 418 2282 simulacrum
458 2240 643 2280 Mercurii
690 2241 950 2292 pulcherrime
994 2241 1141 2280 factum
1189 2242 1402 2280 sustulisti?
1474 2244 1526 2281 At

165 2308 516 2362 quemadmodum,
539 2308 591 2346 dii
612 2309 879 2347 immortales!
911 2321 1031 2359 quarn
1057 2309 1268 2347 audacter!
1300 2321 1420 2359 quaxn
1441 2309 1523 2346 libi-

127 2389 147 2424 5
166 2376 332 2416 dinosel
362 2388 482 2426 quam
512 2376 788 2426 impudenter!
847 2376 1023 2414 Audistis
1054 2388 1179 2426 nuper
1210 2376 1337 2414 dicere
1375 2376 1525 2425 legatos

166 2443 473 2496 Tyndaritanos,
496 2443 678 2482 homines
708 2443 1011 2482 honestissimos
1042 2455 1087 2482 ac
1119 2443 1317 2495 principes
1348 2443 1523 2489 cix-itatis,
