1747 2620
194 100 238 131 11.
261 109 294 140 4·
436 88 621 131 ROME’S
651 99 779 130 RULE
812 99 872 131 OF
903 100 1000 131 HER
1033 100 1321 133 PROVINCES.
1482 101 1565 147 235

192 201 394 250 Messana,
416 215 518 254 quae
539 203 617 242 situ
636 203 847 242 moenibus
874 209 1073 254 portuque
1098 208 1239 242 ornata
1266 203 1326 251 sit,
1348 204 1398 242 ab
1418 203 1478 242 his
1506 217 1565 242 re-

191 271 277 318 bus,
299 270 444 322 quibus
465 271 536 310 iste
557 270 783 317 delectatur,
807 283 901 309 sane
922 283 1047 309 vacua
1075 277 1193 322 atque
1217 271 1325 310 nuda
1352 277 1421 310 est.
1471 270 1567 309 Erat

191 338 299 389 apud
329 337 480 376 Heium
510 339 723 377 sacrarium
753 351 901 389 magna
932 351 1023 377 cum
1055 339 1245 389 dignitate
1275 339 1317 377 in
1344 339 1521 386 aedibus,
1544 352 1567 377 a

134 421 172 443 ιο
190 406 407 445 maioribus
435 406 632 453 traditum,
654 406 956 457 perantiquum;
987 406 1029 445 in
1050 419 1131 458 quo
1160 407 1274 458 signa
1302 405 1566 458 pulcherrima

191 480 375 525 quattuor
402 486 559 513 summo
587 474 764 521 artificio,
787 487 943 513 summa
969 474 1185 522 nobilitate,
1209 486 1312 526 quae
1337 486 1421 513 non
1442 473 1566 512 modo

189 541 309 581 istum
329 542 535 580 hominem
555 541 808 592 ingeniosum
829 549 947 594 atque
969 542 1266 593 intelligentem,
1288 555 1425 581 verum
1446 543 1565 581 etiam

190 610 370 662 quemvis
399 616 591 657 nostrum,
621 622 724 660 quos
754 610 826 649 iste
857 610 1000 649 idiotas
1032 610 1215 661 appellat,
1245 610 1440 649 delectare
1471 623 1565 661 pos-

190 684 299 716 sent:
329 690 454 716 unum
476 676 686 728 Cupidinis
707 690 976 716 marmoreum
997 677 1204 716 Praxiteli:
1235 678 1423 716 nimirum
1445 678 1565 716 didici

132 763 168 795 15
190 746 318 792 etiam,
361 745 457 784 dum
496 745 538 783 in
576 746 695 784 istum
735 746 905 797 inquiro,
946 746 1140 784 artificum
1183 746 1359 785 nomina.
1437 745 1564 792 Idem,

188 813 342 864 opinor,
373 811 513 852 artifex
544 813 836 852 eiusdemmodi
867 812 1109 865 Cupidinem
1140 813 1231 853 fecit
1260 813 1382 862 illum,
1409 813 1477 864 qui
1507 820 1566 852 est

187 882 390 933 Thespiis,
412 887 575 933 propter
595 894 716 932 quern
741 881 944 933 Thespiae
965 883 1164 921 visuntur:
1196 895 1290 920 nam
1318 882 1394 921 alia
1414 882 1564 921 visendi

187 962 308 989 causa
327 950 435 988 nulla
454 956 525 988 est.
585 949 725 1001 Itaque
747 949 810 988 ille
831 950 877 989 L.
899 950 1133 998 Mummius,
1155 963 1278 1002 quum
1300 950 1564 1001 Thespiadas,

187 1030 290 1069 quae
325 1018 377 1057 ad
411 1017 554 1056 aedem
588 1017 800 1057 Felicitatis
837 1025 939 1066 sunt,
971 1026 1181 1069 ceteraque
1212 1018 1381 1069 profana
1415 1031 1464 1056 ex
1499 1018 1564 1056 illo

127 1097 171 1122 20
189 1084 340 1136 oppido
375 1085 491 1136 signa
525 1085 687 1133 tolleret,
719 1086 826 1125 hunc
860 1099 1130 1126 marmoreum
1167 1086 1422 1138 Cupidinem,
1454 1085 1565 1138 quod

187 1160 271 1192 erat
294 1159 561 1200 consecratus,
584 1165 667 1192 non
697 1154 834 1204 attigit.

245 1234 280 1260 2.
311 1220 474 1267 Verum,
497 1227 540 1259 ut
560 1221 612 1259 ad
632 1221 727 1260 illud
755 1221 968 1260 sacrarium
994 1221 1167 1269 redeam,
1191 1222 1351 1273 signum
1372 1229 1454 1262 erat
1474 1221 1563 1270 hoc,

186 1288 297 1340 quod
325 1288 427 1335 diCO,
450 1287 658 1339 Cupidinis
687 1301 709 1327 e
736 1301 957 1328 marmore:
988 1302 1037 1328 ex
1067 1289 1187 1328 altera
1215 1298 1325 1341 parte
1355 1290 1562 1337 Hercules,

187 1356 344 1407 egregie
366 1355 491 1394 factus
512 1369 560 1394 ex
582 1368 695 1394 aere:
726 1356 758 1395 is
781 1356 983 1396 dicebatur
1005 1369 1091 1396 esse
1120 1356 1314 1408 Myronis,
1336 1364 1378 1396 ut
1399 1358 1561 1408 opinor:

96 1449 102 1457 -
127 1440 167 1473 25
188 1431 226 1462 et
246 1430 361 1463 certe.
402 1424 505 1463 Item
526 1430 617 1462 ante
637 1423 710 1462 hos
733 1424 830 1463 deos
847 1432 958 1463 erant
979 1425 1121 1472 arulae,
1140 1437 1241 1475 quae
1264 1425 1385 1464 cuivis
1406 1426 1562 1464 sacrarii

186 1492 420 1543 religionem
455 1491 675 1542 significare
710 1499 898 1542 possent:
940 1499 1050 1530 erant
1086 1505 1211 1531 aenea
1243 1500 1448 1544 praeterea
1482 1493 1563 1532 duo

187 1561 311 1611 signa,
333 1571 417 1598 non
444 1559 629 1606 maxima,
651 1572 788 1598 verum
817 1559 960 1598 eximia
987 1568 1204 1608 venustate,
1226 1562 1405 1612 virginali
1426 1561 1563 1600 habitu

186 1636 304 1680 atque
337 1628 491 1674 vestitu,
523 1640 625 1678 quae
660 1628 844 1666 manibus
879 1627 1040 1666 sublatis
1076 1641 1188 1667 sacra
1223 1630 1420 1680 quaedam
1449 1642 1562 1668 more

186 1695 491 1736 Atheniensium
526 1695 723 1746 virginum
757 1696 933 1746 reposita
972 1696 1012 1734 in
1053 1697 1248 1747 capitibus
1289 1698 1560 1736 sustinebant:

124 1783 168 1815 30
187 1764 455 1816 Canephoroe
485 1763 595 1814 ipsae
625 1764 893 1802 vocabantur:
926 1763 996 1802 sed
1024 1776 1160 1802 earum
1190 1764 1393 1813 artificem,
1415 1766 1562 1817 quern?

185 1831 428 1883 quemnam?
458 1838 563 1870 recte
584 1830 791 1878 admones,
814 1831 1060 1882 Polycletum
1081 1844 1168 1871 esse
1196 1832 1392 1872 dicebant.
1453 1833 1562 1872 Mes-

186 1912 326 1939 sanam
364 1906 408 1938 ut
447 1899 615 1951 quisque
654 1905 837 1937 nostrum
876 1907 1046 1947 venerat,
1082 1900 1180 1939 haec
1219 1901 1343 1940 visere
1383 1901 1560 1940 solebat:

186 1967 372 2006 omnibus
402 1966 501 2005 haec
531 1966 583 2004 ad
612 1966 822 2005 visendum
852 1968 1040 2018 patebant
1070 1968 1267 2018 quotidie:
1305 1969 1448 2008 domus
1479 1976 1563 2008 erat

186 2047 271 2074 non
297 2035 462 2074 domino
491 2034 621 2085 magis
649 2043 899 2083 ornamento,
922 2049 1043 2087 quam
1073 2037 1229 2076 civitati.
1290 2036 1336 2076 C.
1358 2037 1561 2085 Claudius,

124 2117 168 2151 35
188 2103 300 2142 cuius
327 2103 567 2142 aedilitatem
596 2103 1034 2154 magnificentissimam
1056 2105 1202 2143 scimus
1232 2104 1362 2152 fuisse,
1385 2118 1480 2144 usus
1502 2113 1562 2144 est

187 2171 265 2210 hoc
295 2170 494 2222 Cupidine
525 2172 689 2218 tamdiu,
723 2171 818 2210 dum
847 2171 979 2210 forum
1011 2172 1084 2211 diis
1114 2173 1401 2212 immortalibus
1431 2186 1560 2224 popu-

186 2239 306 2289 loque
346 2237 536 2277 Romano
580 2239 716 2278 habuit
759 2248 965 2279 ornatum:
1015 2248 1065 2287 et,
1106 2252 1230 2292 quum
1270 2248 1374 2280 esset
1413 2241 1561 2292 hospes

188 2305 398 2353 Heiorum,
421 2305 650 2345 Mamertini
677 2313 809 2345 autcm
832 2308 968 2359 populi
994 2315 1198 2358 patronus,
1220 2314 1262 2346 ut
1282 2308 1355 2347 illis
1376 2308 1559 2359 benignis

188 2386 284 2413 usus
313 2379 373 2413 est
403 2374 454 2413 ad
483 2375 834 2422 commodandum,
858 2376 912 2414 sic
945 2377 1026 2426 ipse
1055 2376 1223 2427 diligens
1249 2376 1319 2415 suit
1347 2377 1397 2415 ad
1424 2389 1559 2427 repor-

127 2457 171 2492 40
189 2441 367 2480 tandum.
425 2441 564 2494 Nuper
590 2442 774 2482 homines
802 2443 956 2482 nobiles
983 2444 1191 2492 eiusmodi,
1215 2445 1373 2492 iudices,
1396 2452 1433 2483 ct
1464 2445 1557 2495 quid
