1731 2620
183 103 265 146 216
533 113 594 146 Ex
601 115 784 147 TRACTS
813 115 875 148 FR
882 116 952 148 OM
982 116 1118 149 crem
1125 116 1164 148 ο.
1385 117 1465 150 sect.
1487 117 1527 150 v.

180 213 314 252 Asiam
353 215 546 254 liberastil
605 215 774 262 Etenim,
807 218 838 255 si
877 230 979 256 unus
1017 217 1141 256 homo
1179 218 1322 257 nobilis
1357 217 1528 269 queritur

178 280 309 329 palam
343 288 391 326 te,
427 281 536 331 quod
568 282 747 328 edixeris,
778 295 830 322 xa
860 296 912 322 An
944 296 1069 323 runos
1101 295 1294 323 PECUNIAE
1331 295 1527 324 ozenna-
1547 298 1613 333 290

180 357 351 392 RENTUR,
381 345 452 384 HS
473 359 529 386 cc.
558 347 630 386 sibi
656 349 856 399 eripuisse,
878 357 1024 400 quanta
1052 350 1210 389 tandem
1245 351 1414 401 pecunia
1435 361 1528 401 pen-

179 412 343 458 deretur,
371 413 402 451 si
432 414 610 451 omnium
639 415 811 461 nomine,
840 417 1078 467 quicumque
1107 416 1261 454 Romae
1287 416 1402 455 ludos
1426 416 1528 455 face-

179 486 276 524 rent,
297 479 405 530 quod
425 487 506 518 erat
527 481 603 518 iam
626 481 854 529 institutum,
877 483 1128 533 erogaretur?
1187 482 1441 533 Quamquam
1457 482 1528 520 has

179 546 358 594 querelas
378 545 582 584 hominum
605 555 828 586 nostrorum
850 549 914 587 illo
935 550 1100 588 consilio
1121 550 1400 600 oppressimuS,
1421 546 1530 600 quod

179 612 218 648 in
241 612 335 650 Asia
356 613 491 650 nescio
513 625 688 663 quonam
718 615 852 661 modo,
875 614 1028 654 Romae
1048 615 1208 666 quidem
1237 627 1319 654 non
1340 614 1530 654 mediocri
1551 627 1613 664 ²95

180 690 269 716 cum
291 678 547 717 admiratione
574 679 763 726 laudatur,
796 681 914 731 quod,
936 694 1057 732 quum
1087 682 1137 721 ad
1168 683 1357 733 templum
1387 693 1530 720 monu-

179 753 434 795 mentumque
451 753 628 784 nostrum
650 747 820 785 civitates
836 748 1021 797 pecunias
1042 748 1315 795 decrevissent,
1328 759 1530 799 quumque

181 810 221 848 id
243 818 279 848 et
301 823 372 861 pro
393 812 491 850 meis
512 812 666 861 magnis
694 813 840 851 meritis
868 821 905 852 et
925 826 997 864 pro
1018 815 1093 852 tuis
1122 814 1303 853 maximis
1330 812 1530 852 beneficiis

181 888 338 915 summa
365 889 436 915 sua
457 877 652 916 voluntate
675 878 865 924 fecissent,
895 880 1206 930 nominatimque
1236 880 1299 918 lex
1320 880 1530 929 exciperet,

180 955 233 982 υτ
273 957 325 982 AD
363 957 555 983 ‘saxeum
594 957 644 983 ET
679 957 960 985 mosumfixrum
995 958 1144 985 cAPERE
1175 957 1356 992 menam,
1389 957 1530 996 quum-
1549 963 1614 996 300

179 1022 255 1060 que
287 1011 327 1049 id
358 1012 467 1062 quod
502 1012 664 1050 dabatur
699 1024 780 1050 non
811 1021 913 1050 esset
948 1014 1202 1060 interiturum,
1235 1012 1306 1052 sed
1339 1012 1379 1050 in
1413 1023 1530 1051 orna-

180 1077 322 1115 mentis
361 1078 495 1128 templi
531 1078 713 1125 futurum,
745 1088 787 1117 ut
818 1091 898 1117 non
935 1079 1029 1117 mihi
1062 1079 1191 1130 potius
1225 1090 1345 1130 quam
1379 1078 1529 1129 populo

179 1142 367 1182 Romano
393 1157 438 1183 ac
464 1145 523 1183 dis
553 1145 836 1183 immortalibus
867 1146 1000 1184 datum
1022 1145 1223 1192 videretur,
1251 1153 1383 1183 tamen
1411 1144 1464 1192 id,
1489 1144 1529 1183 in

179 1221 260 1259 quo
299 1218 380 1248 erat
416 1211 596 1261 dignitas,
629 1218 710 1249 erat
745 1211 818 1258 lex,
852 1220 933 1251 erat
965 1224 1101 1250 eorum
1132 1213 1200 1263 qui
1233 1211 1428 1250 faciebant
1461 1222 1529 1250 vo-

179 1275 318 1322 luntas,
351 1277 624 1327 accipiendum
656 1289 736 1316 non
767 1279 910 1328 putavi,
936 1291 1057 1329 quum
1087 1278 1171 1317 aliis
1200 1278 1249 1317 de
1279 1278 1418 1324 causis,
1445 1283 1529 1316 tum
1547 1293 1612 1326 305

179 1343 297 1380 etiam
317 1351 359 1381 ut
379 1343 511 1382 animo
539 1344 722 1395 aequiore
744 1344 884 1383 ferrent
915 1346 950 1390 ii,
973 1346 1115 1395 quibus
1136 1357 1209 1384 nec
1230 1345 1436 1383 deberetur
1455 1355 1530 1384 nec

179 1409 321 1449 liceret.
379 1409 632 1462 Quapropter
659 1412 843 1450 incumbe
868 1419 951 1451 toto
972 1413 1104 1451 animo
1131 1420 1171 1451 et
1198 1412 1327 1451 studio
1353 1412 1464 1451 omni
1489 1412 1530 1451 in

178 1489 267 1516 eam
296 1478 487 1517 rationem
522 1490 600 1529 qua
630 1478 757 1518 adhuc
787 1491 881 1519 usus
915 1492 969 1526 es,
1001 1488 1042 1518 ut
1075 1491 1157 1526 eos,
1187 1491 1288 1530 quos
1318 1486 1407 1518 tuae
1437 1478 1529 1518 fidei

178 1545 441 1595 potestatique
466 1553 625 1584 senatus
650 1546 899 1597 populusque
933 1546 1139 1585 Romanus
1167 1546 1364 1585 commisit
1388 1551 1427 1585 et
1446 1558 1529 1585 cre-

179 1612 286 1658 didit,
307 1611 446 1662 diligas
466 1619 505 1650 et
524 1612 634 1650 omni
656 1613 806 1650 ratione
827 1620 959 1652 tueare
981 1620 1019 1651 et
1039 1625 1126 1652 esse
1147 1625 1266 1664 quam
1282 1613 1529 1651 beatissimos
1546 1629 1614 1662 310

177 1679 282 1717 velis.
339 1678 462 1726 Quod
491 1678 523 1716 si
546 1686 582 1716 te
614 1690 698 1716 sors
726 1679 830 1717 Afris
855 1687 921 1717 aut
950 1679 1142 1729 Hispanis
1171 1686 1238 1717 aut
1268 1677 1392 1718 Gallis
1418 1691 1529 1730 prae·

178 1745 344 1791 fecisset,
374 1745 609 1782 immanibus
634 1757 680 1783 ac
707 1745 880 1784 barbaris
905 1746 1141 1792 nationibus,
1170 1752 1302 1784 tamen
1329 1753 1432 1784 esset
1457 1745 1528 1784 hu-

178 1811 374 1850 manitatis
395 1818 484 1848 tuae
501 1810 704 1848 consulere
721 1822 858 1849 eorum
872 1811 1093 1851 commodis
1109 1818 1148 1850 et
1162 1811 1316 1850 utilitati
1337 1811 1528 1862 salutique

179 1879 331 1916 servire.
391 1876 526 1925 Quum
561 1889 652 1915 vero
692 1878 727 1916 ei
761 1878 896 1927 generi
931 1877 1137 1916 hominum
1176 1878 1403 1928 praesimus,
1443 1889 1527 1916 non

179 1944 300 1982 modo
327 1943 367 1981 in
388 1955 468 1994 quo
496 1944 582 1993 ipsa
609 1944 667 1989 sit,
697 1944 766 1982 sed
793 1944 910 1982 etiam
938 1957 960 1982 a
987 1956 1067 1994 quo
1097 1944 1147 1982 ad
1177 1944 1274 1983 alios
1303 1944 1526 1994 pervenisse
1545 1958 1609 1991 3¹5

179 2018 333 2061 putetur
353 2010 585 2056 humanitas,
621 2019 725 2048 certe
765 2011 810 2048 iis
849 2023 935 2049 eam
971 2011 1221 2061 potissimum
1255 2011 1423 2048 tribuere
1457 2010 1525 2049 de-

179 2078 330 2123 bemus,
360 2089 383 2115 a
402 2077 544 2126 quibus
571 2077 807 2126 accepimus.
866 2076 961 2115 Non
982 2078 1087 2115 enim
1107 2089 1171 2115 me
1198 2076 1276 2116 hoc
1295 2077 1374 2114 iam
1394 2076 1525 2115 dicere

180 2143 351 2193 pudebit,
382 2142 609 2193 praesertim
639 2143 679 2180 in
709 2155 756 2181 ea
779 2143 855 2180 vita
885 2151 1002 2193 atque
1032 2143 1072 2180 in
1101 2143 1148 2181 iis
1176 2143 1293 2182 rebus
1323 2143 1455 2193 gestis,
1483 2143 1526 2180 in

179 2210 323 2260 quibus
343 2221 426 2247 non
447 2215 578 2259 potest
597 2209 764 2246 residere
784 2209 944 2247 inertiae
967 2216 1032 2247 aut
1051 2209 1215 2248 levitatis
1235 2209 1314 2247 ulla
1340 2209 1525 2259 suspicio,

180 2287 254 2314 nos
288 2287 346 2321 ea,
377 2286 478 2324 quae
508 2275 709 2312 consecuti
739 2287 885 2320 sumus,
916 2275 961 2313 iis
1001 2275 1136 2313 studiis
1174 2282 1212 2313 et
1251 2275 1399 2313 artibus
1438 2286 1525 2313 esse
1545 2287 1612 2320 320

180 2343 356 2392 adeptos,
379 2353 477 2391 quae
499 2340 574 2377 sint
597 2341 711 2378 nobis
733 2339 922 2378 Graeciae
943 2342 1211 2379 monumentis
1232 2341 1524 2391 disciplinisque

181 2409 329 2447 tradita.
390 2406 522 2454 Quare
560 2414 711 2456 praeter
751 2418 1004 2445 communem
1039 2407 1171 2454 fidem,
1207 2419 1308 2458 quae
1342 2407 1526 2446 omnibus
