1747 2620
191 84 220 120 I.
437 67 615 113 ROME'S
647 75 772 108 RULE
807 73 865 105 OF
897 71 993 102 HER
1028 67 1315 101 PROVINCES.
1477 67 1554 98 211

191 186 423 226 necessariis
451 180 761 235 apparitionibus
791 184 923 217 tecum
954 186 1041 214 esse
1071 171 1238 218 voluisti,
1267 169 1334 221 qui
1365 167 1478 220 quasi
1510 179 1559 205 ex

114 270 176 296 120
193 255 355 295 cohorte
385 250 576 304 praetoris
606 245 794 299 appellari
825 244 964 289 solent,
996 242 1139 280 horum
1175 250 1258 277 non
1289 235 1412 275 modo
1443 234 1558 280 facta,

193 322 263 362 sed
293 321 412 360 etiam
441 319 545 357 dicta
575 315 712 354 omnia
740 310 978 364 praestanda
1008 307 1123 347 nobis
1155 312 1256 345 sunt.
1319 303 1399 343 Sed
1438 301 1561 340 habes

193 402 262 430 eos
292 395 436 435 tecum,
457 398 558 437 quos
587 382 716 435 possis
744 385 847 419 recte
878 377 1064 416 facientes
1093 374 1206 414 facile
1234 372 1408 422 diligere,
1431 370 1563 408 minus

195 457 447 497 consulentes
478 449 758 492 existimationi
788 454 877 486 tuae
906 444 1088 483 facillime
1117 445 1329 481 coercere:
1361 452 1385 478 a
1409 438 1565 490 quibus,

195 526 302 565 rudis
324 535 448 576 quum
469 533 588 567 esses,
610 517 762 556 videtur
782 513 957 567 potuisse
979 518 1045 550 tua
1066 508 1275 548 liberalitas
1297 505 1448 556 decipi:
1472 517 1565 543 nam

116 604 176 638 125
196 600 239 632 ut
259 594 425 645 quisque
446 596 504 628 est
524 588 581 626 vir
601 586 788 638 optimus,
810 583 863 622 ita
884 580 1109 620 difficillime
1131 589 1218 617 esse
1240 576 1338 614 alios
1360 573 1566 625 improbos

199 661 441 712 suspicatur:
473 669 579 696 nunc
600 666 693 693 vero
720 653 855 691 tertius
884 649 947 688 hic
975 659 1103 686 annus
1130 645 1274 683 habeat
1303 641 1567 693 integritatem

199 727 382 768 eamdem
403 737 521 776 quam
553 721 787 772 superiores,
809 716 1026 756 cautiorem
1048 713 1166 752 etiam
1194 723 1240 749 ac
1262 708 1565 759 diligentiorem.

201 796 287 835 Sint
316 805 429 833 aures
458 798 560 837 tuac,
582 801 683 840 quae
713 787 754 825 id
784 784 894 836 quod
925 782 1090 821 audiunt
1120 778 1391 818 existimentur
1421 775 1569 820 audire,

200 875 284 902 non
312 863 354 900 in
383 871 482 912 quas
516 858 604 896 ficte
635 862 672 894 et
712 852 891 898 simulate
922 855 1109 901 quaestus
1149 857 1268 885 causa
1297 844 1570 882 insusurretur.

120 943 182 977 ยน30
203 931 259 970 Sit
288 929 428 968 anulus
458 933 547 965 tuus
579 936 663 962 non
693 929 736 961 ut
765 933 830 959 vas
862 917 1035 969 aliquod,
1063 914 1134 954 sed
1163 921 1367 964 tamquam
1396 911 1481 962 ipse
1508 915 1571 948 tu:

201 1011 285 1037 non
313 996 491 1035 minister
521 992 671 1031 alienae
702 987 928 1034 voluntatis,
959 983 1031 1024 sed
1061 981 1170 1021 testis
1201 986 1302 1019 tuae.
1362 979 1573 1017 Accensus

203 1067 251 1105 sit
281 1077 329 1104 eo
360 1073 539 1107 numero,
561 1071 642 1110 quo
671 1068 763 1096 eum
793 1054 962 1093 maiores
993 1049 1117 1089 nostri
1148 1059 1234 1086 esse
1264 1046 1483 1092 voluerunt,
1506 1043 1574 1094 qui

202 1133 292 1180 hoc,
323 1143 407 1170 non
435 1129 477 1167 in
505 1124 689 1166 beneficii
719 1123 810 1162 loco
840 1120 911 1160 sed
942 1120 982 1158 in
1012 1116 1158 1156 laboris
1200 1127 1246 1154 ae
1276 1113 1464 1158 muneris,
1496 1123 1577 1150 non

203 1207 350 1239 temere
380 1196 456 1236 nisi
485 1194 633 1234 libertis
660 1191 739 1231 suis
769 1188 1025 1229 deferebant:
1057 1185 1201 1235 quibus
1228 1182 1280 1220 illi
1305 1180 1467 1232 quidem
1493 1191 1576 1217 non

122 1283 182 1317 135
203 1267 327 1306 multo
358 1276 472 1304 secus
503 1274 549 1301 ac
575 1260 695 1299 servis
720 1257 980 1308 imperabant.
1040 1252 1097 1291 Sit
1124 1251 1237 1289 lictor
1263 1261 1347 1287 non
1377 1259 1482 1293 suae,
1507 1245 1578 1285 sed

204 1341 293 1373 tuae
321 1331 491 1372 lenitatis
521 1328 734 1380 apparitor,
767 1325 996 1373 maioraque
1033 1318 1258 1371 praeferant
1288 1316 1418 1355 fasces
1450 1313 1501 1352 illi
1531 1325 1578 1352 ac

203 1413 361 1442 secures
383 1397 581 1450 dignitatis
603 1394 775 1445 insignia
797 1403 918 1444 quam
939 1388 1157 1441 potestatis.
1215 1385 1310 1424 Toti
1335 1383 1506 1434 denique
1529 1381 1579 1420 sit

205 1468 431 1521 provinciae
472 1464 688 1516 cognitum,
720 1459 789 1500 tibi
820 1457 1001 1498 omnium
1033 1455 1176 1507 quibus
1215 1451 1365 1503 praesis
1397 1449 1575 1494 salutem,

205 1537 361 1583 liberos,
401 1533 561 1579 famam,
603 1530 783 1569 fortunas
822 1538 912 1565 esse
957 1522 1190 1563 carissimas.
1251 1517 1436 1568 Denique
1480 1515 1580 1555 haec

127 1620 189 1654 ยน40
207 1604 344 1656 opinio
371 1602 430 1648 sit,
452 1612 535 1639 non
555 1597 680 1637 modo
707 1596 753 1635 iis
782 1594 848 1646 qui
870 1590 1017 1643 aliquid
1038 1587 1274 1640 acceperint,
1297 1585 1368 1624 sed
1390 1585 1435 1623 iis
1458 1584 1577 1622 etiam

208 1672 275 1723 qui
297 1669 486 1715 dederint,
508 1673 545 1706 te
566 1665 782 1710 inimicum,
804 1662 835 1701 si
856 1660 896 1700 id
918 1657 1164 1710 cognoveris,
1188 1655 1373 1694 futurum.
1436 1652 1580 1702 Neque

209 1751 300 1778 vero
331 1738 540 1789 quisquam
572 1732 692 1779 dabit,
723 1742 847 1781 quum
877 1728 949 1767 erit
978 1726 1055 1765 hoc
1085 1730 1351 1776 perspectum,
1384 1719 1480 1757 nihil
1512 1730 1582 1769 per

210 1819 292 1854 eos,
324 1806 390 1857 qui
421 1802 605 1844 simulant
635 1812 677 1839 se
708 1797 814 1849 apud
846 1803 883 1836 te
913 1794 1082 1833 multum
1112 1803 1243 1843 posse,
1275 1790 1346 1828 abs
1376 1794 1414 1826 te
1455 1786 1583 1825 solere

210 1873 418 1926 impetrari.
479 1869 567 1909 Nec
597 1875 730 1907 tamen
760 1865 859 1903 haec
886 1862 1013 1902 oratio
1041 1871 1132 1899 mea
1156 1865 1216 1898 est
1243 1854 1450 1901 eiusmodi,
1472 1860 1514 1892 ut
1543 1859 1581 1891 te

131 1955 191 1989 ยน45
211 1943 251 1981 in
272 1949 361 1981 tuos
382 1945 449 1978 aut
466 1938 607 1977 durum
628 1947 715 1974 esse
736 1933 902 1972 nimium
921 1936 987 1968 aut
1008 1926 1274 1978 suspiciosum
1295 1923 1423 1962 velim.
1475 1920 1584 1959 Nam

212 2011 243 2049 si
261 2009 348 2060 quis
369 2013 428 2046 est
455 2015 593 2044 eorum
615 2002 681 2053 qui
709 2000 779 2039 tibi
808 1997 955 2038 biennii
983 1995 1111 2046 spatio
1139 2003 1358 2042 numquam
1385 1990 1427 2028 in
1455 1988 1581 2038 suspi-

212 2078 370 2117 cionem
396 2072 579 2113 avaritiae
606 2068 765 2114 venerit,
786 2073 829 2105 ut
856 2077 932 2116 ego
962 2062 1149 2102 Caesium
1180 2066 1219 2099 et
1247 2057 1516 2109 Chaerippum
1547 2061 1585 2093 et

213 2145 445 2184 Labeonem
468 2145 506 2178 et
526 2137 645 2177 audio
666 2142 715 2181 et,
738 2134 831 2186 quia
852 2130 1035 2182 cognovi,
1057 2128 1253 2174 existimo,
1276 2125 1369 2164 nihil
1390 2131 1448 2163 est
1473 2123 1583 2174 quod

214 2224 297 2251 non
327 2217 366 2249 et
394 2209 441 2247 iis
471 2213 510 2245 et
539 2205 571 2244 si
599 2204 686 2255 quis
717 2208 776 2241 est
806 2201 903 2239 alius
934 2195 1225 2238 eiusdemmodi
1256 2200 1295 2232 et
1325 2191 1517 2231 committi
1548 2197 1585 2228 et

137 2291 197 2325 ยน50
215 2278 320 2319 credi
349 2275 564 2316 rectissime
595 2277 742 2322 putem.
804 2268 883 2307 Sed
913 2267 945 2306 si
970 2266 1057 2316 quis
1082 2271 1142 2302 est
1172 2264 1212 2301 in
1243 2273 1322 2312 quo
1348 2261 1426 2298 iam
1458 2258 1584 2297 offen-

217 2347 332 2393 deris,
362 2344 411 2383 de
442 2354 522 2394 quo
553 2338 699 2390 aliquid
729 2336 912 2380 senseris,
934 2334 1024 2372 huic
1056 2331 1151 2370 nihil
1182 2329 1405 2374 credideris,
1435 2326 1581 2365 nullam

216 2422 369 2468 partem
390 2407 690 2451 existimationis
712 2413 800 2444 tuae
822 2402 1080 2444 commiseris.
