1747 2620
157 91 200 124 11.
221 99 272 131 13.
406 82 584 122 ROME'S
615 89 745 121 RULE
778 89 837 121 OF
868 89 966 120 HER
1000 89 1286 121 PROVINCES.
1444 89 1525 133 273

72 195 138 237 380
156 192 272 232 nobis
304 192 558 232 tradiderunt.
617 191 744 231 Valde
780 191 938 230 hercule
968 198 1006 230 te
1043 189 1280 242 Syracusani
1321 189 1387 235 tui,
1425 199 1528 239 quos

156 261 295 299 crebro
331 272 647 309 commemorare
678 260 794 306 soles,
831 259 1020 310 diligunt:
1066 259 1133 309 qui
1174 270 1266 297 curn
1297 263 1528 296 accusatore

155 333 225 366 tuo
245 327 338 366 satis
365 327 509 366 iustam
530 338 692 366 causam
713 326 1019 377 coniungendae
1051 324 1354 365 necessitudinis
1376 329 1528 375 putant,

156 394 265 444 quod
286 401 324 433 te
338 401 592 434 accusaturus
614 395 673 442 sit,
687 401 726 433 et
742 394 852 445 quod
873 394 923 432 ad
943 393 1224 445 inquirendum
1245 393 1286 430 in
1306 399 1344 430 te
1366 390 1527 429 venerit.

155 460 301 500 Postea
330 462 563 505 decernitur,
585 475 631 501 ac
664 474 747 500 non
777 462 891 508 varie,
925 461 994 500 sed
1024 473 1150 512 prope
1182 460 1335 499 cunctis
1367 465 1525 497 senten-

69 530 135 572 385
157 528 242 567 tiis:
288 541 342 568 UT
381 542 597 576 LAUDATro,
631 541 737 573 QUAE
775 542 808 568 c.
843 541 963 567 VERRI
998 541 1180 568 DECRETA
1219 539 1346 572 EssET,
1377 537 1527 565 TOLLE-

156 608 302 635 RETUR.
361 596 415 635 At
434 609 539 644 vero,
563 609 686 647 quum
707 597 786 635 iam
807 609 890 636 non
912 596 1041 635 solum
1064 595 1255 634 discessio
1277 593 1381 632 facta
1411 599 1523 639 esset,

157 663 228 702 sed
263 664 384 702 etiam
422 665 687 715 perscriptum
728 671 845 715 atque
886 665 927 702 in
968 663 1122 702 tabulas
1162 663 1340 708 relatum,
1371 668 1529 711 praetor

156 731 385 782 appellatur.
445 731 500 770 At
538 732 626 782 quis
667 731 868 782 appellat?
913 731 1166 782 magistratus
1204 729 1350 780 aliqui?
1395 739 1527 766 nemo.

158 798 353 837 Senator?
384 811 435 837 ne
464 799 505 838 id
535 798 709 850 quidem.
771 798 1107 849 Syracusanorum
1140 797 1308 848 aliquis?
1352 796 1527 833 minime.

71 874 137 909 390
157 865 260 914 Quis
293 866 409 916 igitur
440 873 665 916 praetorem
695 866 894 916 appellat?
936 866 1003 917 qui
1034 872 1220 916 quaestor
1251 864 1360 902 istius
1391 862 1527 908 suerat,

158 931 375 971 Caesetius.
435 932 472 972 O
494 946 578 972 rem
601 933 829 971 ridiculam!
862 945 886 972 o
909 933 1110 972 desertum
1131 932 1337 970 hominem
1356 932 1363 968 Ι
1395 942 1420 968 o
1442 930 1529 968 des-

157 1006 339 1049 peratum
360 1012 406 1038 ac
432 999 610 1039 relictum
642 1012 665 1038 a
685 1000 916 1049 magistratu
940 998 1096 1038 Siculo!
1156 998 1219 1037 Ne
1248 1004 1409 1036 senatus
1434 1009 1528 1036 con-

157 1065 304 1104 sultum
345 1066 465 1105 Siculi
505 1066 689 1105 homines
729 1067 857 1105 facere
898 1074 1075 1117 possent,
1107 1079 1157 1104 ne
1199 1077 1314 1104 suum
1355 1065 1414 1102 ius
1446 1064 1527 1102 suis

156 1133 346 1181 moribus,
361 1134 441 1173 suis
462 1134 617 1184 legibus
637 1133 814 1172 obtinere
836 1140 1012 1185 possent,
1031 1145 1114 1172 non
1136 1134 1287 1171 amicus
1308 1132 1431 1178 istius,
1447 1143 1529 1168 non

73 1209 136 1244 395
157 1201 317 1253 hospes,
347 1214 431 1241 non
471 1203 642 1254 denique
683 1203 820 1253 aliquis
854 1202 1020 1249 Siculus,
1063 1203 1132 1241 sed
1174 1208 1360 1253 quaestor
1390 1200 1529 1251 populi

158 1268 333 1308 Romani
363 1277 584 1320 praetorem
606 1270 789 1321 appellat.
850 1269 951 1317 Quis
981 1270 1059 1308 hoc
1082 1257 1205 1308 vidit?
1236 1269 1324 1320 quis
1354 1268 1529 1306 audivit?

158 1335 323 1375 Praetor
344 1348 495 1387 aequus
517 1344 555 1376 et
584 1338 742 1387 sapiens
765 1337 905 1376 dimitti
926 1338 1035 1375 iubet
1065 1344 1258 1375 senatum.
1321 1335 1531 1374 Concurrit

102 1445 109 1453 ,
158 1403 209 1443 ad
229 1416 294 1442 me
314 1405 490 1443 maxima
519 1404 743 1443 multitudo.
803 1404 980 1442 Primum
1002 1410 1206 1443 senatores
1229 1403 1411 1449 clamare,
1434 1403 1529 1452 eripi

159 1463 232 1510 sibi
261 1470 335 1519 ius,
371 1472 468 1522 eripi
499 1472 744 1510 libertatem:
776 1471 949 1522 populus
980 1478 1161 1510 senatum
1191 1471 1363 1517 laudare,
1385 1470 1531 1520 gratias

74 1555 139 1586 400
159 1550 304 1589 agere:
338 1539 442 1577 cives
475 1538 649 1577 Romani
680 1552 702 1577 a
731 1551 796 1577 me
822 1551 1021 1589 nusquam
1049 1539 1262 1577 discedere.
1322 1537 1416 1585 Quo
1446 1537 1530 1588 qui-

160 1607 252 1646 dem
284 1605 346 1645 die
377 1605 477 1644 nihil
506 1606 660 1656 aegrius
691 1605 839 1644 factum
871 1612 929 1644 est
958 1606 1082 1644 multo
1112 1606 1248 1644 labore
1277 1618 1381 1652 meo,
1410 1617 1530 1655 quarn

158 1681 202 1713 ut
230 1686 372 1713 manus
402 1673 453 1711 ab
483 1673 548 1711 illo
570 1673 810 1724 appellatore
833 1673 1132 1711 abstinerentur.
1191 1671 1328 1720 Quum
1349 1671 1400 1710 ad
1420 1684 1531 1722 prae-

160 1749 286 1781 torem
307 1741 348 1779 in
377 1740 438 1779 ius
459 1741 692 1787 adissemus,
715 1741 916 1790 excogitat
949 1752 1044 1779 sane
1066 1746 1193 1787 acute,
1215 1739 1311 1790 quid
1333 1739 1530 1778 decernat.

160 1808 268 1848 Nam
298 1814 388 1846 ante
418 1820 539 1859 quam
569 1808 734 1846 verbum
773 1807 957 1854 facerem,
990 1807 1039 1846 de
1071 1807 1166 1846 sella
1205 1807 1373 1845 surrexit
1412 1813 1531 1855 atque

75 1888 140 1922 405
161 1876 266 1915 abiit.
325 1875 464 1927 Itaque
495 1882 578 1913 turn
610 1875 659 1913 de
690 1874 790 1922 foro,
812 1887 935 1926 quum
963 1875 1042 1913 iam
1073 1875 1429 1925 advesperasceret,
1453 1873 1531 1912 dis-

159 1955 362 1982 cessimus.

221 2020 281 2060 15.
312 2009 506 2049 Postridie
535 2021 654 2048 mane
684 2010 734 2047 ab
762 2022 811 2048 eo
843 2009 1015 2060 postulo,
1037 2016 1079 2048 ut
1111 2009 1368 2060 Syracusanis
1398 2009 1530 2048 liceret
1585 2008 1590 2013 ’

161 2084 321 2116 senatus
342 2076 580 2122 consultum,
603 2076 711 2126 quod
732 2076 856 2126 pridie
878 2075 1075 2123 fecissent,
1096 2076 1192 2114 mihi
1222 2076 1399 2115 reddere.
1459 2075 1530 2114 Ille

160 2145 361 2184 enimvero
387 2149 535 2194 negat:
568 2149 606 2181 et
630 2144 681 2181 ait
710 2143 919 2193 indignum
947 2143 1100 2182 facinus
1131 2156 1231 2190 esse,
1254 2144 1363 2194 quod
1392 2155 1468 2193 ego
1490 2144 1529 2181 in

76 2226 142 2257 410
161 2218 301 2251 senatu
321 2210 480 2250 Graeco
501 2211 619 2249 verba
652 2210 856 2249 fecissem:
903 2211 1011 2261 quod
1033 2211 1194 2261 quidem
1223 2211 1328 2261 apud
1351 2211 1530 2250 Graecos

162 2278 316 2318 Graece
336 2278 492 2317 locutus
521 2289 661 2325 essem,
685 2278 723 2315 id
745 2277 832 2316 ferri
855 2278 962 2316 nullo
985 2278 1106 2316 modo
1128 2290 1260 2328 posse.
1320 2278 1528 2328 Respondi

159 2345 325 2393 homini,
346 2352 388 2384 ut
415 2345 538 2396 potui,
561 2351 601 2382 ut
628 2345 744 2390 volui,
768 2352 808 2382 ut
830 2345 958 2382 debui.
1019 2344 1127 2382 Turn
1149 2345 1284 2391 multa,
1307 2352 1389 2382 tum
1411 2345 1528 2383 etiam

160 2412 237 2451 hoc
258 2425 322 2451 me
343 2412 505 2451 memini
528 2412 670 2460 dicere,
685 2411 796 2450 facile
819 2424 905 2450 esse
927 2411 1194 2462 perspicuum.
1216 2418 1408 2462 quantum
1431 2411 1528 2450 inter
