1731 2620
222 92 303 142 264
557 98 808 130 EXTRACTS
839 97 976 129 FRoM
1006 98 1188 129 CICERO.
1424 99 1503 132 sect.
1521 101 1561 133 V.

219 219 328 245 suam
357 213 588 245 ornamento
619 205 714 243 Urbi
750 205 926 242 suturam.
993 205 1194 254 Syracusis
1221 211 1350 243 autem
1371 206 1563 256 permulta

217 280 331 324 atque
361 274 518 323 egregia
547 272 720 322 reliquit:
760 272 889 310 Deum
919 282 1009 308 vero
1040 270 1188 308 nullum
1217 271 1382 318 violavit,
1413 271 1562 310 nullum
1584 282 1624 317 75

217 340 348 389 attigit.
411 338 596 378 Conferte
626 338 814 376 Verrem:
854 349 935 375 non
962 344 1004 375 ut
1042 336 1243 375 hominem
1283 349 1373 375 cum
1403 337 1562 376 homine

217 406 461 455 comparetis,
484 417 532 442 ne
550 416 627 455 qua
643 405 706 442 tali
724 406 804 442 viro
823 410 978 441 mortuo
994 403 1058 441 fiat
1078 403 1216 441 iniuria
1233 415 1241 441 ฮต
1273 404 1344 442 sed
1363 410 1405 442 ut
1421 416 1562 454 pacem

217 485 306 510 cum
334 471 448 517 bello,
477 471 583 520 leges
613 482 702 508 cum
725 471 770 516 vi,
803 470 930 507 sorum
951 476 988 507 et
1015 468 1322 506 iurisdictionem
1348 481 1438 508 cum
1460 469 1561 508 ferro

216 545 253 576 et
283 538 411 583 armis,
443 537 654 575 adventum
685 544 723 575 et
754 537 983 574 comitatum
1013 546 1103 572 cum
1134 535 1307 573 exercitu
1335 542 1374 574 et
1402 535 1563 574 victoria

217 604 438 642 conferatis.

273 687 308 717 4.
340 671 471 708 Aedes
494 670 696 708 Minervae
718 676 775 708 est
796 670 836 707 in
858 667 1005 714 Insula,
1030 668 1078 706 de
1099 679 1176 718 qua
1197 675 1286 706 ante
1307 667 1412 707 dixi:
1445 680 1563 719 quam

217 736 424 774 Marcellus
451 748 530 773 non
562 736 700 785 attigit,
729 747 848 785 quam
870 735 1027 784 plenam
1049 742 1165 784 atque
1186 741 1364 772 ornatam
1384 734 1563 784 reliquit:

217 815 315 853 quae
337 803 385 840 ab
420 803 492 840 isto
524 803 577 839 sic
607 802 771 851 spoliata
800 808 914 850 atque
943 801 1092 850 direpta
1118 807 1187 847 est,
1208 812 1289 838 non
1309 807 1351 838 ut
1371 801 1421 838 ab
1450 800 1563 839 hoste

217 870 357 919 aliquo,
389 869 453 919 qui
486 875 617 906 tamen
648 869 686 905 in
714 867 816 905 bello
842 867 1074 916 religionum
1104 873 1141 904 et
1161 866 1456 905 consuetudinis
1482 867 1564 905 iura

217 936 406 981 retineret,
428 935 496 973 sed
518 942 558 972 ut
580 947 602 972 a
622 934 796 971 barbaris
818 933 1084 983 praedonibus
1105 939 1243 969 vexata
1270 942 1357 969 esse
1377 931 1562 969 videatur.
1582 931 1624 972 85

217 1002 355 1050 Pugna
384 1007 465 1038 erat
495 1001 684 1050 equestris
715 998 923 1049 Agathocli
955 998 1056 1047 regis
1086 997 1126 1035 in
1157 996 1296 1035 tabulis
1323 997 1427 1047 picta
1452 1008 1564 1046 prae-

216 1067 340 1105 clare:
381 1066 441 1104 his
471 1074 602 1104 autem
645 1065 786 1103 tabulis
816 1064 1018 1103 interiores
1048 1063 1183 1113 templi
1223 1063 1388 1113 parietes
1426 1063 1564 1101 vestie-

217 1135 366 1171 bantur.
427 1131 533 1169 Nihil
555 1139 635 1170 erat
657 1144 702 1169 ea
723 1131 872 1181 pictura
893 1130 1074 1176 nobilius,
1095 1129 1188 1167 nihil
1212 1129 1424 1178 Syracusis,
1455 1128 1564 1179 quod

216 1199 341 1249 magis
362 1198 568 1237 visendum
590 1205 798 1247 putaretur.
839 1197 925 1235 Has
947 1196 1097 1234 tabulas
1123 1195 1179 1233 M.
1198 1195 1418 1242 Marcellus,
1441 1208 1563 1246 quum

215 1266 348 1304 omnia
377 1265 439 1303 illa
458 1265 617 1303 victoria
644 1277 714 1303 sua
743 1263 908 1314 profana
929 1262 1095 1308 fecisset,
1122 1268 1255 1300 tamen
1275 1261 1462 1312 religione
1491 1262 1562 1300 im-
1581 1278 1625 1312 90

216 1332 368 1382 peditus
395 1343 476 1369 non
503 1332 650 1381 attigit:
690 1331 772 1376 iste,
794 1342 915 1380 quum
946 1329 1008 1366 illa
1034 1329 1124 1374 iam,
1153 1334 1313 1378 propter
1341 1328 1561 1366 diuturnam

217 1410 355 1448 pacem
387 1397 692 1447 fidelitatemque
722 1396 858 1447 populi
890 1395 1123 1446 Syracusani
1153 1406 1264 1432 sacra
1302 1394 1562 1445 religiosaque

215 1465 438 1514 accepisset,
479 1475 618 1502 omnes
653 1475 719 1502 eas
759 1462 910 1500 tabulas
949 1461 1126 1499 abstulit:
1176 1461 1353 1511 parietes,
1393 1473 1561 1511 quorum

215 1539 374 1569 ornatus
401 1538 458 1569 tot
487 1530 642 1568 saecula
672 1535 880 1574 manserat,
912 1535 968 1566 tot
995 1527 1096 1566 bella
1125 1527 1327 1577 effugerat,
1359 1527 1488 1566 nudos
1515 1539 1562 1568 ac

216 1597 454 1635 deformatos
475 1597 639 1647 reliquit.
682 1595 732 1634 Et
753 1594 973 1641 Marcellus,
995 1595 1072 1644 qui,
1095 1594 1127 1632 si
1149 1593 1361 1644 Syracusas
1383 1594 1561 1644 cepisset,
1581 1608 1623 1642 95

217 1665 296 1702 duo
326 1663 472 1713 templa
502 1675 542 1701 se
582 1664 736 1701 Romae
766 1661 1035 1699 dedicaturum
1064 1668 1232 1707 voverat,
1267 1661 1317 1705 id,
1348 1661 1456 1710 quod
1482 1667 1561 1699 erat

218 1730 500 1772 aedificaturus,
522 1729 580 1767 his
600 1730 716 1767 rebus
737 1740 888 1774 ornare,
910 1739 1008 1778 quas
1039 1734 1204 1777 ceperat,
1227 1727 1350 1765 noluit
1368 1741 1376 1764 :
1406 1727 1561 1774 Verres,

217 1798 283 1847 qui
303 1808 385 1834 non
406 1795 562 1833 Honori
583 1807 712 1845 neque
732 1794 886 1840 Virtuti,
907 1801 949 1831 ut
969 1794 1042 1840 ille,
1064 1793 1134 1832 sed
1154 1793 1298 1832 Veneri
1319 1800 1356 1831 et
1377 1792 1563 1843 Cupidini

218 1870 307 1901 vota
328 1862 496 1908 deberet,
518 1862 550 1899 is
571 1856 772 1899 Minervae
792 1861 983 1911 templum
1005 1860 1172 1910 spoliare
1193 1866 1358 1898 conatus
1378 1867 1446 1898 est.
1493 1859 1562 1899 Ille

219 1930 315 1968 deos
337 1929 501 1967 deorum
523 1928 657 1978 spoliis
678 1940 817 1966 ornare
838 1927 986 1965 noluit:
1016 1927 1079 1965 hic
1109 1933 1341 1966 ornamenta
1361 1926 1562 1965 Minervae
1585 1936 1646 1961 100

218 1996 374 2044 virginis
404 1995 444 2032 in
473 1994 731 2032 meretriciam
762 1994 925 2032 domum
954 1993 1106 2032 tratulit.
1167 1993 1328 2043 Septem
1361 1999 1400 2031 et
1428 1992 1562 2043 viginti

219 2066 419 2108 praeterea
438 2057 590 2096 tabulas
610 2057 867 2107 pulcherrime
887 2057 1010 2107 pictas
1031 2069 1080 2095 ex
1107 2056 1246 2095 eadem
1266 2056 1364 2095 aede
1383 2056 1559 2095 sustulit:

218 2126 258 2162 in
279 2125 419 2174 quibus
440 2131 548 2163 erant
568 2124 759 2174 imagines
781 2124 932 2162 Siciliae
952 2135 1089 2173 regum
1109 2135 1156 2161 ac
1175 2129 1440 2173 tyrannorum,
1460 2134 1561 2173 quae

219 2203 301 2229 non
331 2190 459 2229 solum
488 2191 682 2240 pictorum
713 2190 873 2228 artificio
914 2189 1170 2236 delectabant,
1201 2189 1271 2228 sed
1300 2189 1417 2227 etiarn
1451 2200 1560 2228 com-

219 2256 502 2294 memoratione
523 2254 727 2293 hominum
755 2263 793 2293 et
814 2255 1040 2304 cognitione
1059 2254 1283 2293 formarum.
1342 2254 1403 2293 Ac
1422 2253 1561 2301 videte,
1585 2262 1644 2295 ยน05

220 2329 367 2372 quanto
397 2321 553 2359 taetrior
581 2321 644 2359 hic
664 2329 849 2371 tyrannus
879 2321 1131 2372 Syracusanis
1157 2321 1282 2368 fuerit,
1310 2333 1430 2371 quam
1455 2321 1560 2371 quis-

220 2401 338 2439 quam
361 2389 627 2438 superiorum:
663 2399 783 2438 quum
813 2387 864 2426 illi
884 2394 1016 2426 tamen
1036 2388 1209 2426 ornarint
1230 2387 1376 2439 templa
1397 2387 1559 2426 deorum

1583 590 1625 621 80
