1747 2620
127 87 153 121 ι,
365 73 554 117 ROME'S
584 84 714 116 RULE
747 84 808 116 or·
840 84 941 116 HER
975 84 1269 118 PROVINCES.
1443 90 1524 120 221

127 197 232 240 sunt,
264 203 426 231 summa
465 196 525 231 est
564 190 786 230 acerbitas:
833 190 894 229 sin
925 197 1059 229 autem
1102 190 1336 238 exorabiles,
1370 204 1530 231 summa

43 263 111 305 460
127 259 288 300 levitas:
320 272 424 312 quae
445 265 594 307 tamen,
616 266 660 298 ut
682 259 722 298 in
744 258 872 306 malis,
895 260 1101 298 acerbitati
1123 260 1411 312 anteponenda
1432 268 1503 299 est.

190 341 252 378 14.
286 327 368 368 Sed
389 329 585 380 quoniam
613 327 767 380 primus
799 341 930 367 annus
962 328 1100 368 habuit
1127 329 1178 369 de
1208 328 1284 368 hac
1310 329 1527 381 reprelien-

126 397 242 438 sione
268 397 486 450 plurimum
517 397 727 445 sermonis,
757 397 880 436 credo
912 405 1126 449 propterea
1157 398 1267 450 quod
1298 399 1368 437 tibi
1399 398 1528 438 homi-

125 478 225 505 nurn
254 465 434 513 iniuriae,
456 465 569 518 quod
594 466 768 513 avaritia,
795 466 908 517 quod
934 466 1150 506 insolentia
1180 475 1338 518 praeter
1368 468 1527 519 opinio-

125 547 220 574 nem
256 534 466 574 accidebat
501 542 540 573 et
580 534 841 574 intolerabilis
884 534 1102 582 videbatur,
1146 536 1350 575 secundus
1391 545 1526 575 autem

38 604 104 650 ⁴⁶5
124 603 253 643 multo
275 603 414 651 lenior,
437 603 549 655 quod
570 610 609 643 et
635 604 891 643 consuetudo
914 613 951 643 et
984 606 1082 644 ratio
1106 613 1156 653 et,
1180 615 1222 645 ut
1244 619 1322 658 ego
1345 607 1526 654 arbitror,

124 684 239 712 meae
267 684 430 725 quoque
456 672 610 712 litterae
640 679 678 712 te
708 673 989 724 patientiorem
1024 674 1299 727 lenioremque
1334 675 1525 721 fecerunt,

122 741 260 781 tertius
286 753 417 780 annus
439 741 493 780 ita
519 741 639 780 debet
666 754 754 781 esse
783 742 1035 789 emendatus,
1059 751 1102 782 ut
1124 757 1173 783 ne
1197 745 1406 783 minimam
1439 746 1526 796 qui-

123 809 217 850 dem
247 823 332 850 rem
353 811 570 862 quisquam
592 811 721 862 possit
743 811 865 850 ullam
887 812 1190 864 reprehendere.
1261 815 1324 854 Ac
1346 815 1426 854 iam
1448 814 1527 855 hoc

121 877 215 918 loco
245 891 330 919 non
360 878 589 919 hortatione
620 892 753 932 neque
785 882 1024 933 praeceptis,
1060 882 1132 921 sed
1163 883 1349 934 precibus
1391 890 1526 923 tecum

35 939 104 997 4220
121 947 305 988 fraternis
345 960 438 1000 ago,
480 955 609 987 totum
650 958 692 987 ut
738 950 919 988 animum
968 963 1108 990 euram
1150 952 1526 1005 cogitationemque

120 1024 232 1057 tuam
262 1029 395 1069 ponas
426 1017 468 1056 in
499 1017 684 1056 omnium
717 1017 834 1058 laude
877 1019 1055 1072 undique
1098 1021 1338 1072 colligenda.
1401 1021 1525 1071 Quod

121 1086 154 1126 si
184 1086 226 1125 in
256 1086 452 1126 mediocri
478 1093 583 1126 statu
614 1088 813 1127 sermonis
848 1100 894 1126 ac
925 1089 1242 1140 praedicationis
1275 1098 1437 1130 nostrae
1463 1104 1526 1131 res

121 1162 270 1203 essent,
297 1154 395 1194 nihil
427 1155 500 1194 abs
531 1162 569 1194 te
601 1155 807 1204 eximium,
830 1156 928 1195 nihil
959 1166 1117 1208 praeter
1148 1159 1321 1199 aliorum
1352 1172 1525 1200 consue-

119 1224 304 1264 tudinem
333 1223 613 1276 postularetur.
675 1222 798 1264 Nunc
829 1237 923 1264 vero
953 1234 1119 1279 propter
1139 1240 1278 1267 earum
1309 1240 1457 1277 rerum,
1485 1230 1526 1268 in

35 1310 101 1348 ⁴75
121 1293 267 1346 quibus
306 1293 450 1332 versati
490 1305 643 1340 sumus,
685 1292 947 1344 splendorem
988 1303 1028 1334 et
1068 1297 1406 1348 magnitudinem,
1449 1299 1524 1337 nisi

120 1374 325 1403 summam
344 1361 508 1401 laudem
538 1374 589 1401 ex
612 1362 688 1402 ista
716 1364 924 1415 provincia
951 1364 1225 1417 adsequimur,
1246 1367 1311 1406 vix
1342 1367 1526 1407 videmur

119 1428 322 1474 summam
349 1431 686 1483 vituperationem
718 1444 842 1484 posse
872 1433 1006 1474 vitare.
1069 1434 1132 1474 Ea
1159 1442 1299 1475 nostra
1320 1436 1422 1476 ratio
1451 1444 1523 1483 est,

119 1506 164 1540 ut
193 1511 338 1539 omnes
377 1499 475 1538 boni
515 1511 642 1551 quum
673 1499 835 1540 faveant
866 1508 952 1541 tum
993 1502 1115 1542 etiam
1146 1516 1314 1544 omnem
1350 1517 1374 1544 a
1404 1506 1524 1544 nobis

121 1567 370 1620 diligentiam
400 1567 669 1619 virtutemque
700 1575 739 1608 et
779 1569 986 1620 postulent
1016 1578 1056 1610 et
1096 1579 1346 1624 exspectent,
1378 1585 1524 1613 omnes

34 1645 103 1689 480
120 1644 256 1677 autem
295 1635 484 1688 improbi,
521 1636 632 1688 quod
672 1649 766 1677 cum
806 1637 869 1678 his
909 1639 1059 1679 bellum
1100 1641 1396 1694 sempiternum
1437 1655 1523 1682 sus-

120 1705 316 1758 cepimus,
343 1704 405 1745 vel
434 1705 604 1744 minima
635 1718 678 1745 re
714 1705 766 1746 ad
801 1707 1185 1759 reprehendendum
1216 1710 1397 1751 contenti
1433 1723 1522 1751 esse

119 1774 343 1814 videantur.
402 1773 541 1823 Quare
571 1774 767 1826 quoniam
802 1776 1001 1816 eiusmodi
1033 1777 1234 1818 theatrum
1269 1792 1313 1820 es
1343 1780 1521 1828 sortitus,

120 1843 348 1884 celebritate
377 1842 694 1892 refertissimum,
722 1844 1002 1896 magnitudine
1032 1847 1340 1899 amplissimum,
1370 1848 1520 1889 iudicio

119 1912 444 1959 eruditissimum,
464 1918 609 1951 natura
638 1919 774 1953 autem
803 1913 857 1953 ita
888 1927 1098 1964 resonans,
1118 1923 1164 1956 ut
1190 1929 1319 1969 usque
1342 1916 1520 1958 Romam

39 1991 101 2035 485
121 1982 438 2034 significationes
468 1993 671 2034 vocesque
701 1981 934 2031 referantur,
961 1986 1177 2035 contende,
1199 1998 1366 2038 quaeso,
1398 1994 1519 2039 atque

120 2051 296 2100 elabora,
317 2063 403 2090 non
431 2050 560 2090 modo
590 2057 634 2090 ut
660 2049 723 2091 his
746 2052 866 2092 rebus
894 2053 1042 2105 dignus
1071 2053 1206 2104 fuisse,
1228 2054 1303 2096 sed
1330 2055 1452 2096 etiam
1477 2064 1520 2096 ut

119 2119 187 2161 illa
205 2120 346 2161 omnia
366 2119 446 2159 tuis
468 2120 620 2160 artibus
641 2132 854 2172 superasse
875 2121 1045 2162 videare.

181 2198 244 2240 15.
273 2188 327 2229 Et
347 2188 543 2242 quoniam
569 2189 669 2228 mihi
697 2202 815 2230 casus
836 2191 1032 2232 urbanam
1060 2192 1103 2232 in
1122 2193 1426 2245 magistratibus
1446 2195 1518 2235 ad-

118 2259 456 2299 ministrationem
476 2258 756 2310 reipublicae,
785 2260 857 2299 tibi
889 2261 1180 2313 provincialem
1212 2263 1335 2312 dedit,
1365 2264 1398 2304 si
1426 2277 1517 2305 mea

48 2348 102 2384 ‚90
118 2341 214 2381 pars
242 2327 394 2368 nemini
425 2326 542 2375 cedit,
564 2326 627 2366 fac
651 2335 695 2367 ut
718 2335 786 2368 tua
811 2337 966 2370 ceteros
988 2331 1132 2371 vincat.
1194 2331 1322 2372 Simul
1354 2340 1393 2373 et
1420 2334 1514 2374 illud

119 2398 264 2449 cogita,
286 2409 364 2436 nos
385 2409 470 2436 non
492 2396 542 2436 de
562 2396 717 2449 reliqua
738 2404 776 2436 et
797 2406 956 2450 sperata
976 2399 1106 2451 gloria
1126 2400 1207 2440 iam
1228 2401 1422 2450 laborare,
1445 2402 1516 2442 sed

119 2466 173 2507 de
201 2472 317 2519 parta
346 2466 560 2506 dimicare:
593 2477 697 2519 quae
728 2467 894 2519 quidem
919 2481 1003 2509 non
1029 2476 1113 2508 tam
1138 2471 1366 2522 expetenda
1396 2472 1515 2512 nobis

802 2548 829 2575 a
