1747 2620
148 97 192 129 11.
216 105 248 139 7·
387 85 563 128 Romc's
594 95 722 128 RULE
755 95 813 127 OF
843 94 940 125 ΗΕΒ
974 93 1257 125 PROVINCES.
1426 93 1507 135 247

147 205 186 237 et
205 198 393 250 religione
415 197 519 236 Iovis
541 196 752 248 Capitolini
773 202 811 235 et
837 195 1044 234 hominum
1066 195 1355 234 existimatione
1385 194 1509 244 impe-

149 267 220 305 diri
241 266 397 313 diceret,
419 265 528 317 quod
554 265 700 303 multae
729 264 910 302 nationes
939 270 1058 302 testes
1089 269 1222 301 essent
1252 263 1350 301 illius
1380 262 1510 312 operis

148 346 194 372 ac
213 333 409 372 muneris:
440 333 511 371 iste
539 332 691 371 homini
712 331 853 370 minari
880 331 1068 369 acerrime
1091 331 1232 381 coepit.
1292 329 1371 368 Ubi
1394 328 1508 373 videt,

148 413 240 439 eum
267 399 388 438 nihilo
415 400 544 450 magis
571 400 687 438 minis
719 411 839 450 quam
867 399 1050 450 precibus
1076 397 1318 449 permoveri:
1349 403 1511 446 repente

86 481 131 515 90
148 467 350 506 hominem
380 466 428 506 de
458 466 659 517 provincia
689 467 795 505 iubet
824 472 914 504 ante
944 472 1105 504 noctem
1136 464 1350 503 decedere:
1388 464 1440 501 ait
1471 475 1512 501 se

149 535 390 586 comperisse
415 547 464 573 ex
495 535 578 573 eius
608 546 732 584 regno
758 534 901 585 piratas
931 533 971 571 in
1002 532 1172 572 Siciliam
1199 544 1284 571 esse
1313 538 1511 569 venturos.

149 602 238 642 Rex
267 602 441 641 maximo
472 608 669 640 conventu
701 601 913 652 Syracusis,
934 601 975 638 in
1006 600 1104 647 foro,
1126 613 1176 639 ne
1207 600 1293 650 quis
1323 598 1421 637 forte
1449 610 1512 636 me

149 670 190 708 in
210 670 370 709 crimine
391 670 562 708 obscuro
589 668 732 707 versari
758 676 874 718 atque
896 668 1082 718 affingere
1111 667 1259 718 aliquid
1288 666 1513 716 suspicione

150 736 358 776 hominum
380 737 595 783 arbitretur,
617 736 657 774 in
679 736 776 782 foro,
798 735 972 786 inquam,
997 734 1199 784 Syracusis
1221 734 1320 772 flens
1348 746 1394 771 ac
1416 733 1513 770 deos

88 814 130 849 95
150 803 409 856 hominesque
439 810 666 842 contestans
695 804 863 842 clamare
891 803 1033 853 coepit,
1056 802 1336 840 candelabrum
1364 800 1512 838 factum

150 884 172 911 e
192 871 373 923 gemmis,
395 871 502 923 quod
529 871 568 909 in
590 870 830 922 Capitolium
856 871 1047 909 missurus
1075 876 1190 916 esset,
1214 868 1323 920 quod
1350 869 1389 906 in
1415 874 1513 906 tem-

152 938 218 990 plo
239 938 454 977 clarissimo
482 938 632 989 populo
660 938 847 976 Romano
867 945 1172 976 monumentum
1197 949 1290 975 suae
1317 935 1513 975 societatis

152 1006 423 1056 amicitiaeque
453 1018 540 1044 esse
561 1006 758 1052 voluisset,
782 1006 820 1044 id
842 1005 913 1044 sibi
945 1004 989 1044 C.
1013 1005 1177 1044 Verrem
1200 1004 1432 1044 abstulisse:
1465 1004 1513 1041 de

152 1073 290 1112 ceteris
319 1073 506 1123 operibus
537 1085 584 1111 ex
616 1085 711 1111 auro
742 1081 779 1112 et
808 1073 988 1124 gemmis,
1011 1086 1111 1124 quae
1152 1085 1223 1111 sua
1252 1085 1375 1124 penes
1406 1072 1512 1110 illum

72 1151 132 1174 ¹00
153 1146 296 1188 essent,
327 1152 368 1179 se
408 1151 489 1179 non
528 1140 731 1178 laborare:
776 1140 852 1179 hoc
883 1141 955 1179 sibi
996 1141 1104 1191 eripi,
1137 1140 1324 1179 miserum
1358 1152 1445 1179 esse
1476 1146 1514 1178 et

151 1208 383 1259 indignum:
414 1207 454 1246 id
483 1208 553 1246 etsi
585 1213 701 1246 antea
730 1207 809 1246 iam
839 1215 970 1246 mente
1000 1214 1038 1246 et
1068 1208 1308 1258 cogitatione
1340 1220 1410 1246 sua
1438 1207 1512 1245 sra-

151 1275 295 1327 trisque
317 1274 376 1313 sui
396 1281 670 1313 consecratum
691 1281 806 1322 esset,
828 1282 962 1313 tamen
989 1281 1073 1313 tum
1095 1287 1136 1313 se
1158 1276 1199 1312 in
1229 1275 1293 1313 illo
1316 1282 1514 1314 conventu

152 1342 293 1380 civium
334 1328 611 1381 Romanorum
652 1342 756 1388 dare,
789 1342 950 1389 donare,
981 1342 1123 1389 dicare,
1156 1354 1386 1381 consecrare
1428 1341 1512 1380 Iovi

153 1409 317 1460 Optimo
339 1408 530 1457 Maximo,
553 1417 772 1461 testemque
800 1411 931 1460 ipsum
953 1408 1090 1448 Iovem
1120 1422 1213 1448 suae
1234 1410 1445 1448 voluntatis
1468 1422 1513 1448 ac

72 1462 131 1523 {05
151 1477 351 1528 religionis
370 1477 566 1516 adhibere.

210 1557 245 1592 4.
277 1543 391 1591 Quae
413 1556 500 1591 vox,
523 1557 624 1596 quae
650 1545 782 1591 latera,
805 1557 906 1596 quae
933 1544 1032 1583 vires
1062 1544 1176 1583 huius
1206 1544 1320 1583 unius
1343 1545 1515 1583 criminis

153 1611 439 1663 querimoniam
460 1619 627 1663 possunt
648 1613 870 1651 sustinere?
919 1611 1006 1650 Rex
1023 1611 1252 1658 Antiochus,
1271 1612 1336 1662 qui
1359 1612 1514 1651 Romae

154 1686 243 1718 ante
274 1679 412 1718 oculos
441 1680 622 1718 omnium
654 1687 832 1718 nostrum
862 1680 1063 1718 biennium
1085 1679 1164 1717 fere
1194 1680 1382 1718 comitatu
1405 1681 1514 1730 regio

153 1754 270 1798 atque
300 1753 440 1785 ornatu
471 1746 617 1794 suisset,
639 1747 670 1785 is
701 1760 822 1798 quum
855 1748 1005 1786 amicus
1037 1755 1073 1785 ct
1105 1748 1235 1785 socius
1266 1748 1401 1798 populi
1433 1748 1514 1786 Ro-

71 1825 134 1848 110
152 1814 260 1852 mani
290 1819 404 1860 esset,
435 1814 675 1853 amicissimo
710 1822 830 1865 patre,
861 1827 947 1861 avo,
979 1815 1204 1861 maioribus,
1235 1815 1514 1866 antiquissimis

153 1889 191 1920 et
218 1881 440 1920 clarissimis
468 1882 638 1932 regibus,
660 1883 960 1932 opulentissimo
982 1890 1020 1920 et
1048 1882 1222 1920 maximo
1248 1895 1383 1932 regno,
1406 1896 1515 1933 prae-

153 1961 247 1999 ceps
276 1948 477 1999 provincia
505 1949 639 1999 populi
668 1948 842 1988 Romani
867 1951 1093 1988 exturbatus
1121 1958 1190 1988 est.
1243 1950 1515 1998 Quemadmo-

155 2015 248 2053 dum
277 2014 352 2054 hoc
379 2022 609 2066 accepturas
636 2017 816 2055 nationes
847 2024 1012 2063 exteras,
1035 2018 1373 2068 quemadmodum
1403 2018 1515 2056 huius

154 2084 207 2121 tui
241 2081 329 2121 sacti
360 2081 506 2121 famam
546 2084 584 2121 in
615 2097 737 2134 regna
776 2085 941 2123 aliorum
982 2091 1099 2136 atque
1131 2086 1169 2122 in
1205 2086 1360 2124 ultimas
1395 2093 1515 2124 terras

73 2165 133 2198 115
155 2156 427 2201 perventuram
458 2151 614 2200 putasti,
637 2164 758 2202 quum
789 2153 978 2199 audirent,
1000 2165 1023 2190 a
1054 2161 1232 2202 praetore
1264 2154 1399 2203 populi
1434 2154 1515 2191 Ro-

155 2216 260 2256 mani
300 2217 341 2255 in
387 2217 587 2267 provincia
630 2219 816 2257 violatum
860 2232 1006 2270 regem,
1052 2220 1261 2270 spoliatum
1306 2221 1514 2270 hospitem,

155 2285 323 2324 eiectum
364 2285 514 2323 socium
556 2286 689 2336 populi
722 2286 894 2325 Romani
936 2294 1052 2338 atque
1093 2288 1295 2325 amicum?
1356 2287 1515 2325 Nomen

156 2359 324 2391 vestrum
355 2353 570 2404 populique
603 2353 773 2391 Romani
795 2354 887 2391 odio
917 2360 1032 2405 atque
1062 2355 1259 2392 acerbitati
1289 2355 1426 2393 scitote
1450 2369 1515 2392 1121-

157 2419 328 2459 tionibus
355 2421 508 2467 exteris,
531 2421 689 2468 iudices,
712 2420 896 2468 futurum,
919 2421 951 2460 si
976 2421 1084 2460 istius·
1116 2421 1212 2459 hace
1245 2429 1350 2459 tanta
1380 2422 1516 2461 iniuria
