1731 2620
240 127 316 155 222
596 122 654 152 Ex
665 120 845 152 TRACTS
874 120 1011 151 FROM
1041 119 1223 152 CICERO.
1434 120 1514 152 Sect.
1534 119 1576 152 V.

235 223 305 261 suit
333 235 451 274 quam
483 223 626 262 tuenda
656 232 725 262 est.
784 222 843 261 Ac
879 223 909 261 si
943 222 1036 260 mihi
1067 221 1281 273 quidquam
1310 227 1412 260 esset
1440 221 1512 260 abs
1539 225 1579 260 te

234 299 466 340 separatum,
489 291 582 328 nihil
603 291 769 340 amplius
791 289 1049 327 desiderarem
1070 288 1146 326 hoc
1167 294 1281 334 statu,
1298 287 1365 339 qui
1384 287 1479 326 mihi
1500 286 1578 325 iam

233 364 365 406 partus
386 364 454 395 est.
515 356 632 394 Nunc
655 368 746 394 vero
774 356 828 394 sic
850 368 910 393 res
938 367 1023 393 sese
1044 354 1172 400 habet,
1192 360 1245 400 ut,
1266 354 1340 393 nisi
1359 353 1493 393 omnia
1511 359 1579 391 tua
1597 362 1661 398 495

234 422 335 461 sacta
356 431 471 473 atque
503 423 605 461 (licta
635 423 777 460 nostris
808 423 924 460 rebus
959 422 1071 460 istinc
1101 419 1377 471 respondeant,
1407 431 1484 470 ego
1513 431 1578 458 me

234 490 348 528 tantis
369 491 466 528 meis
494 490 691 528 laboribus
719 490 912 538 tantisque
935 488 1126 538 periculis,
1148 499 1316 539 quorum
1337 493 1379 526 tu
1399 487 1577 526 omnium

232 557 425 607 particeps
456 557 685 603 suisti,nil1il
716 563 973 594 consecutum
1003 562 1148 606 putem.
1206 554 1329 603 Quod
1355 555 1399 601 si,
1424 560 1467 592 ut
1494 565 1577 592 am-

231 624 448 673 plissimum
480 636 626 662 nomen
657 635 997 673 consequeremur,
1019 634 1120 660 unus
1150 627 1301 672 praeter
1331 627 1482 660 ceteros
1508 619 1576 658 ad-

230 691 367 737 iuvisti,
399 698 501 729 certe
542 691 655 735 idern,
685 697 724 727 ut
765 690 804 727 id
843 690 1091 735 retineamus,
1122 694 1273 739 praeter
1307 693 1459 726 ceteros
1498 685 1576 724 ela·
1595 693 1660 727 500

230 756 397 794 bombis.
456 756 549 795 Non
590 763 647 794 est
677 757 743 793 tibi
778 755 838 793 his
877 755 969 793 solis
998 754 1188 793 utendum
1223 753 1576 793 existimationibus

230 835 274 860 ac
303 823 451 861 iudiciis
479 824 545 873 qui
574 835 677 861 nunc
706 831 796 860 sunt
823 822 1040 866 hominum,
1063 821 1132 859 sed
1161 821 1207 859 iis
1234 821 1351 859 etiam
1372 820 1438 870 qui
1458 819 1574 858 futuri
1620 854 1627 860 .

229 897 341 927 sunt:
373 902 612 940 quamquain
643 889 793 927 illorum
824 889 893 927 erit
924 889 1048 926 verius
1077 887 1261 925 iudicium
1290 886 1574 924 obtrectatione

229 965 264 993 ct
286 956 558 994 malevolentia
579 955 793 993 liberatum.
853 954 1034 1004 Denique
1065 953 1158 991 illud
1187 953 1305 991 etiam
1325 952 1445 991 debes
1465 952 1574 1002 cogi-

229 1030 319 1069 tare,
342 1035 423 1061 non
444 1031 480 1062 te
502 1023 567 1060 tibi
591 1023 661 1061 soli
684 1022 848 1072 gloriam
870 1033 1080 1072 quaerere:
1112 1019 1220 1071 quod
1247 1019 1280 1058 si
1307 1025 1422 1066 esset,
1442 1025 1575 1057 tamen
1593 1035 1657 1069 505

229 1101 308 1126 non
347 1089 576 1138 negligeres,
608 1089 833 1138 praesertim
864 1100 985 1138 quum
1021 1085 1270 1136 amplissimis
1308 1085 1574 1124 monumentis

228 1167 456 1194 consecrare
478 1156 666 1194 voluisses
693 1156 924 1193 memoriam
955 1153 1125 1192 nominis
1155 1153 1222 1198 tui,
1243 1151 1314 1190 sed
1343 1163 1390 1190 ea
1417 1151 1486 1190 tibi
1515 1158 1574 1190 est

227 1221 555 1260 communicanda
594 1234 761 1266 mecum,
793 1220 997 1271 prodenda
1034 1219 1164 1257 liberis
1203 1217 1356 1257 nostris.
1413 1216 1463 1255 In
1493 1229 1572 1268 quo

227 1289 444 1327 cavendum
465 1297 523 1327 est
543 1301 604 1335 ne,
621 1289 652 1326 si
675 1288 935 1338 negligentior
955 1286 1082 1331 fueris,
1099 1297 1181 1324 non
1202 1284 1328 1324 solum
1344 1284 1412 1323 tibi
1433 1296 1570 1335 parum

227 1356 480 1402 consuluisse,
502 1355 571 1394 sed
592 1356 708 1393 etiam
731 1355 805 1392 tuis
827 1354 1006 1392 invidisse
1027 1353 1202 1392 videaris.
1590 1365 1656 1399 5¹0

286 1423 344 1460 16.
375 1422 504 1473 Atque
533 1421 630 1460 haec
650 1433 732 1459 non
759 1433 808 1459 eo
831 1421 1022 1463 dicuntur,
1044 1427 1086 1459 ut
1112 1426 1149 1459 te
1171 1419 1297 1458 oratio
1317 1431 1407 1458 mea
1426 1418 1571 1458 dormi-

227 1495 356 1527 entem
386 1490 585 1534 excitasse,
607 1489 676 1527 sed
707 1489 836 1538 potius
862 1496 903 1526 ut
931 1494 1151 1526 currentem
1180 1487 1361 1526 incitasse
1385 1486 1571 1525 videatur.

227 1555 360 1594 Facies
399 1557 502 1594 enirn
542 1562 744 1606 perpetuo,
775 1568 875 1605 quae
916 1555 1048 1597 fecisti,
1079 1561 1121 1592 ut
1159 1566 1297 1593 omnes
1336 1553 1571 1604 aequitatem

226 1630 343 1668 tuam,
369 1623 677 1673 temperantiam,
707 1622 961 1667 severitatem,
990 1622 1327 1672 integritatemque
1355 1620 1569 1658 laudarent.

227 1688 304 1727 Sed
333 1702 396 1727 me
424 1690 617 1740 quaedam
645 1696 749 1728 tenet
778 1696 936 1739 propter
962 1688 1198 1737 singularem
1225 1698 1402 1725 amorem
1421 1685 1571 1724 infinita
1587 1702 1652 1737 51⁵

225 1755 264 1792 in
294 1761 331 1794 te
362 1757 522 1794 aviditas
552 1755 708 1807 gloriae,
730 1767 969 1806 quamquam
999 1754 1092 1792 illud
1121 1753 1314 1798 existimo,
1341 1764 1462 1803 quum
1492 1752 1570 1791 iam

227 1822 293 1859 tibi
324 1822 430 1868 Asia,
462 1823 559 1861 sicut
597 1824 663 1860 uni
694 1823 835 1872 cuique
874 1833 944 1859 sua
982 1820 1134 1866 domus,
1165 1826 1260 1857 nota
1297 1831 1383 1858 esse
1417 1818 1570 1866 debeat,

226 1899 348 1937 quum
375 1889 424 1926 ad
454 1896 560 1926 tuam
591 1901 786 1927 summam
812 1886 1057 1937 prudentiam
1084 1892 1216 1924 tantus
1239 1897 1333 1924 usus
1352 1884 1568 1930 accesserit,

228 1953 319 1992 nihil
347 1966 432 1992 esse
457 1955 565 2004 quod
587 1955 636 1992 ad
657 1954 812 1992 laudem
834 1954 1001 1997 attineat,
1023 1951 1131 2002 quod
1150 1963 1232 1990 non
1251 1957 1294 1990 tu
1313 1952 1462 2002 optime
1481 1962 1569 2001 per-

226 2020 368 2069 spicias
397 2028 435 2058 et
462 2021 530 2058 tibi
558 2033 641 2058 non
672 2021 755 2058 sine
784 2020 1013 2069 cuiusquam
1041 2017 1311 2056 exhortatione
1337 2018 1377 2056 in
1397 2022 1567 2056 mentem
1586 2031 1652 2066 520

226 2086 353 2124 veniat
382 2088 567 2136 quotidie.
627 2086 704 2125 Sed
729 2097 817 2135 ego,
840 2086 917 2136 qui,
940 2097 1060 2135 quum
1084 2091 1150 2122 tua
1178 2084 1280 2134 lego,
1300 2090 1338 2123 te
1367 2083 1511 2129 audire,
1530 2089 1568 2120 et

226 2152 300 2203 qui,
333 2165 454 2203 quum
484 2153 534 2191 ad
563 2160 600 2191 te
631 2153 769 2198 scribo,
799 2159 928 2189 tecum
958 2151 1065 2202 loqui
1095 2151 1238 2198 videor,
1262 2150 1407 2189 idcirco
1436 2155 1475 2187 et
1502 2154 1569 2186 tua

226 2219 455 2269 longissima
485 2231 640 2269 quaque
667 2218 831 2268 epistola
860 2218 1029 2255 maxime
1061 2217 1231 2256 delector
1251 2223 1289 2256 et
1313 2217 1397 2266 ipse
1415 2215 1456 2253 in
1476 2215 1568 2253 scri-

226 2287 358 2326 bendo
386 2299 474 2325 sum
495 2299 613 2336 saepe
643 2286 807 2334 longior.
868 2284 965 2322 Illud
993 2291 1030 2322 te
1057 2284 1106 2322 ad
1133 2279 1348 2322 extremum
1368 2287 1406 2320 et
1431 2292 1502 2320 oro
1529 2288 1568 2319 et

225 2355 369 2401 hortor,
391 2362 432 2392 ut
459 2360 659 2403 tamquam
687 2358 827 2402 poetae
857 2352 952 2389 boni
977 2357 1014 2388 et
1043 2357 1196 2389 actores
1223 2347 1398 2387 industrii
1427 2346 1565 2393 solent,
1586 2365 1649 2399 5²5

227 2422 279 2460 sic
301 2429 340 2459 tu
363 2422 401 2459 in
423 2428 597 2459 extrema
618 2426 726 2470 parte
747 2426 783 2457 et
804 2418 1055 2457 conclusione
1075 2416 1248 2456 muneris
1273 2427 1321 2454 ac
1338 2413 1486 2464 negotii
1513 2415 1566 2453 tui
