1731 2620
235 124 309 158 240
588 117 835 149 EXTRACTS
865 118 1000 149 FROM
1030 118 1208 150 CICERO.
1418 118 1496 148 Sect.
1519 117 1556 147 V.

233 225 430 274 respondit
460 225 574 261 istum
605 224 653 261 ad
683 236 722 260 se
754 224 911 268 misisse,
939 229 979 260 ut
1010 223 1080 260 sibi
1109 223 1274 260 mitteret
1302 221 1556 270 Agrigentum

234 291 540 339 peripetasmata.
598 287 788 334 Quaesivi,
828 300 877 325 an
910 288 1098 325 misisset:
1137 287 1336 336 respondit
1370 286 1419 333 id,
1454 285 1558 336 quod

236 366 395 392 necesse
412 362 501 399 erat,
521 353 662 391 scilicet
683 353 785 390 dicto
802 352 1021 390 audientem
1042 352 1158 390 fuisse
1178 352 1344 402 praetori
1355 364 1365 398 3
1395 351 1558 389 misisse.

234 420 394 469 Rogavi,
410 419 724 468 pervenissentne
737 418 1013 470 Agrigentum:
1042 418 1135 456 dixit
1148 417 1378 467 pervenisse.
1427 416 1558 462 Quae·
1579 417 1639 447 180

233 486 310 530 sivi,
341 484 672 534 quemadmodum
701 483 965 521 revertissent:
1004 483 1158 531 negavit
1192 482 1318 520 adhuc
1350 482 1557 519 revertisse.

233 552 349 589 Risus
380 550 512 599 populi
542 557 656 598 atque
687 549 988 586 admurmuratio
1018 549 1192 586 omniurn
1220 548 1321 586 facta
1354 555 1421 586 est.
1481 546 1559 584 Hic

233 618 297 655 tibi
327 618 365 653 in
396 622 567 652 mentem
597 626 677 651 non
712 615 813 651 venit
848 614 990 659 iubere,
1020 621 1060 652 ut
1093 614 1190 652 haec
1220 625 1375 664 quoque
1404 613 1559 650 referret

234 694 279 720 ΗΞ
308 694 346 719 vr
376 681 539 717 millibus
569 690 605 717 11>
636 691 676 717 se
706 679 773 716 tibi
803 678 1047 716 vendidisse?
1105 678 1288 724 Metuisti,
1308 691 1357 716 ne
1384 690 1450 716 aes
1470 678 1558 715 alie-

234 759 325 784 num
356 746 422 783 tibi
455 751 652 789 cresceret,
684 744 713 782 si
744 756 791 782 ΗΞ
820 756 856 782 v1
885 743 1051 781 millibus
1085 754 1124 781 13
1153 744 1219 781 tibi
1248 749 1468 781 constarent
1500 754 1556 789 ea,
1580 741 1638 781 185

234 824 330 862 quae
361 818 400 848 tu
431 810 540 848 facile
571 821 708 859 posses
739 809 903 846 vendere
935 821 982 847 ΗΞ
1011 821 1054 848 cc
1087 809 1280 846 millibus?
1338 808 1424 845 Fuit
1452 808 1556 853 tanti,

233 878 324 914 mihi
364 876 499 913 crede:
544 875 705 912 haberes
744 874 852 924 quod
891 873 1143 912 defenderes:
1192 886 1309 912 nemo
1348 879 1556 922 quaereret,

233 942 362 992 quanti
384 941 446 978 illa
465 953 524 978 res
546 947 667 978 esset:
699 941 728 978 si
750 939 870 977 modo
890 946 927 977 te
948 951 1084 989 posses
1111 939 1250 977 docere
1277 939 1428 985 emisse,
1451 938 1558 976 facile

232 1008 292 1045 cui
322 1007 435 1044 velles
462 1012 566 1042 tuam
595 1017 751 1042 causam
778 1012 815 1042 et
841 1004 984 1042 factum
1013 1005 1219 1054 probares:
1249 1016 1354 1043 nunc
1383 1004 1430 1042 de
1460 1004 1559 1054 peri-

232 1071 452 1121 petasmatis
474 1070 805 1120 quemadmodum
824 1077 861 1108 te
882 1070 1077 1120 expedias,
1098 1081 1179 1107 non
1198 1069 1329 1107 habes.
1579 1080 1640 1111 190

331 1264 368 1297 5.
410 1258 548 1296 Verres'
569 1258 720 1307 Agenls.
778 1257 880 1295 How
899 1257 1125 1307 Pamphilus
1145 1259 1259 1295 saved
1271 1259 1331 1296 his
1354 1258 1464 1308 Cups.

290 1389 320 1413 1.
351 1375 447 1420 Iam,
468 1380 510 1411 ut
538 1373 633 1411 haec
660 1373 792 1410 omnia
818 1374 982 1422 reperire
1010 1386 1055 1412 ac
1082 1374 1309 1423 perscrutari
1338 1375 1471 1413 solitus
1499 1376 1557 1423 sit,

232 1441 387 1485 iudices,
427 1446 484 1477 est
523 1451 664 1488 operae
703 1439 867 1487 pretium
907 1451 1156 1488 cognoscere.
1226 1439 1430 1490 Cibyratae
1469 1450 1558 1481 sunt

232 1507 365 1544 fratres
392 1505 560 1554 quidam,
587 1504 838 1553 Tlepolemus
865 1511 903 1541 et
930 1504 1075 1542 Hiero:
1106 1517 1270 1554 quorum
1299 1506 1460 1544 alterum
1487 1507 1555 1544 fin-

232 1583 321 1620 gere
356 1571 495 1619 opinor
528 1581 549 1607 e
583 1581 669 1607 cera
708 1569 861 1606 solitum
901 1581 996 1614 esse,
1032 1570 1193 1608 alterum
1231 1583 1316 1609 esse
1355 1572 1555 1621 pictorem.

232 1636 367 1674 Hosce
394 1635 533 1684 opinor
561 1633 737 1684 Cibyrae,
759 1646 879 1684 quum
906 1635 944 1671 in
973 1635 1233 1684 suspicionem
1259 1637 1454 1675 venissent
1477 1639 1554 1677 suis
1574 1653 1595 1687 5

233 1701 376 1739 civibus
415 1700 546 1737 fanum
580 1699 769 1748 expilasse
803 1700 1006 1749 Apollinis,
1041 1701 1180 1738 veritos
1219 1713 1389 1750 poenam
1425 1703 1553 1742 iudicii

233 1779 278 1804 ac
320 1765 427 1815 legis,
472 1765 591 1810 domo
635 1764 863 1814 profugisse.
933 1764 1051 1811 Quod
1097 1765 1258 1803 Verrem
1305 1767 1450 1805 artificii
1497 1771 1555 1808 sui

233 1830 416 1879 cupidum
450 1836 724 1878 cognoverant,
759 1829 878 1866 domo
913 1829 1171 1878 perfugientes
1209 1831 1258 1868 ad
1292 1843 1381 1869 eum
1415 1844 1456 1871 se
1490 1847 1556 1872 ex-

234 1895 345 1940 sules,
380 1907 499 1943 quum
537 1894 606 1931 iste
645 1901 746 1931 esset
783 1894 822 1930 in
859 1894 963 1940 Asia,
999 1895 1251 1933 contulerunt.
1310 1895 1457 1935 Habuit
1496 1911 1555 1938 se-

235 1972 323 1997 cum
361 1971 429 1996 eos
469 1960 517 1996 ab
541 1958 620 2010 ,illo
654 1965 840 2008 tempore,
871 1966 907 1997 et
941 1960 979 1996 in
1013 1959 1214 2008 legationis
1250 1962 1402 2010 praedis
1441 1970 1554 2014 atque
1575 1979 1618 2004 10

234 2024 341 2062 furtis
366 2023 528 2060 multum
554 2023 705 2060 illorum
733 2035 850 2072 opera
876 2024 1114 2074 consilioque
1138 2037 1230 2063 usus
1260 2033 1329 2065 est.
1387 2027 1441 2065 Hi
1468 2037 1557 2068 sunt

234 2090 296 2135 illi,
326 2089 463 2138 quibus
497 2089 533 2125 in
564 2088 701 2125 tabulis
735 2089 861 2126 retulit
891 2094 975 2126 sese
1005 2089 1054 2135 Q.
1087 2090 1235 2129 Tadius
1265 2092 1417 2131 dedisse
1445 2095 1551 2134 iussu

234 2155 339 2192 istius
360 2153 518 2191 Graecis
539 2153 759 2202 pictoribus.
815 2152 896 2191 Eos
923 2154 999 2190 iam
1026 2155 1124 2193 bene
1145 2156 1322 2204 cognitos
1350 2164 1387 2195 et
1406 2171 1446 2196 re
1466 2172 1555 2209 pro-

234 2221 343 2257 batos
371 2229 501 2255 secum
528 2218 567 2255 in
596 2217 762 2255 Siciliam
790 2218 907 2255 duxit.
965 2217 1057 2265 Quo
1084 2227 1339 2269 posteaquam
1358 2233 1553 2270 venerunt,

233 2282 460 2322 mirandumv
479 2283 518 2319 in
547 2282 720 2328 modum,
749 2281 880 2333 (canes
910 2284 1105 2322 venaticos
1135 2285 1311 2333 diceres,)
1337 2287 1388 2324 ita
1418 2289 1552 2327 odora·
1577 2304 1616 2337 15

233 2350 372 2386 bantur
390 2348 521 2385 omnia
541 2355 577 2385 et
604 2348 923 2397 pervestigabant,
945 2355 996 2394 ut,
1018 2350 1082 2386 ubi
1104 2350 1272 2402 quidque
1294 2359 1405 2400 esset,
1428 2353 1554 2404 aquua
