1731 2620
226 86 306 127 268
583 96 833 129 EXTRACTS
865 97 1001 128 mom
1031 97 1215 130 czcERo.
1431 99 1510 132 Sect.
1529 99 1568 132 v.

223 196 408 245 religione
437 206 652 244 moventur,
675 205 712 236 et
740 198 836 237 deos
866 199 1024 249 patrios,
1046 211 1146 250 quos
1173 211 1197 237 a
1216 198 1430 238 maioribus
1457 211 1568 238 acce-

223 271 375 312 perunt,
389 264 577 302 colendos
599 265 669 302 sibi
691 265 892 314 diligenter
913 272 950 303 et
970 265 1195 303 retinendos
1215 277 1301 304 esse
1321 265 1568 304 arbitrantur:

222 329 363 367 deinde
390 329 452 367 hic
480 338 650 375 ornatus,
673 330 768 369 haec
797 343 916 380 opera
941 339 1056 381 atque
1079 331 1249 378 artificia,
1271 331 1393 382 signa,
1415 331 1568 370 tabulae

221 394 347 443 pictae
373 394 548 434 Graecos
579 396 757 434 homines
788 397 908 434 nimio
939 408 1057 446 opere
1088 396 1292 434 delectant.
1352 396 1491 447 Itaque
1519 409 1567 436 ex

220 460 373 498 illorum
404 462 656 511 querimoniis
687 463 897 512 intelligere
924 475 1147 512 possumus,
1176 462 1273 501 haec
1300 461 1373 500 illis
1400 462 1566 501 acerbis-

220 527 318 564 sima
348 527 479 573 videri,
501 541 600 578 quae
631 527 790 566 forsitan
821 529 936 566 nobis
965 528 1064 566 levia
1092 535 1131 566 et
1160 527 1451 566 contemnenda
1479 541 1566 567 esse

219 592 430 630 videantur.
490 593 588 630 Mihi
619 594 775 640 credite,
797 594 952 640 iudices,
976 594 1148 642 (tametsi
1177 595 1440 645 vosmetipsos
1468 594 1566 634 haec

218 661 356 698 eadem
379 661 510 699 audire
532 669 637 699 certo
659 660 769 710 sci0‚)
792 674 914 712 quum
935 661 1076 700 multas
1104 661 1326 712 acceperint
1350 673 1419 712 per
1444 660 1566 700 hosce

219 738 346 765 annos
385 728 481 766 socii
510 735 628 777 atque
658 735 812 766 exterae
843 729 1023 766 nationes
1052 728 1289 767 calamitates
1318 734 1357 766 et
1384 728 1565 776 iniurias3

217 792 341 830 nullas
381 791 522 831 Graeci
562 793 741 832 homines
776 795 931 843 gravius
965 794 1144 840 tulerunt,
1175 806 1248 832 nec
1277 794 1416 841 ferunt,
1446 807 1566 845 quam

217 857 487 897 huiuscemodi
509 860 762 909 spoliationes
792 860 974 898 fanorum
1002 867 1121 911 atque
1147 860 1398 911 oppidorum.
1456 860 1566 899 Licet

217 926 287 963 iste
320 926 421 964 dicat
452 927 593 964 emisse
624 939 677 971 se,
706 927 817 965 sicuti
849 926 947 965 solet
977 927 1132 965 dicere:
1177 927 1322 966 credite
1350 926 1427 966 hoc
1456 926 1562 973 mihi,

217 992 385 1030 iudices:
417 992 522 1030 nulla
549 1004 737 1042 umquam
765 993 897 1031 civitas
926 999 1008 1030 tota
1028 993 1124 1030 Asia
1150 999 1189 1031 et
1213 992 1380 1032 Graecia
1407 993 1565 1044 signum

217 1059 349 1104 ullum,
381 1059 500 1096 ullam
539 1059 710 1097 tabulam
741 1060 896 1109 pictam,
928 1059 1050 1097 ullum
1089 1059 1258 1110 denique
1288 1066 1564 1098 ornamentum

217 1126 334 1171 urbis,
356 1138 426 1164 sua
449 1126 645 1164 voluntate
674 1127 855 1177 cuiquam
877 1126 1074 1164 vendidit:
1111 1128 1185 1165 nisi
1206 1127 1304 1166 forte
1323 1128 1563 1173 existimatis,

217 1199 476 1241 posteaquam
517 1192 658 1230 iudicia
698 1205 831 1231 severa
867 1192 1019 1231 Romae
1051 1193 1132 1231 fieri
1163 1193 1356 1241 desierint,
1388 1193 1564 1233 Graecos

217 1257 397 1296 homines
424 1257 521 1296 haec
541 1259 739 1296 venditare
771 1259 960 1308 coepisse,
983 1271 1083 1309 quae
1111 1266 1194 1297 turn
1221 1271 1304 1298 non
1330 1259 1453 1299 modo
1481 1273 1563 1300 non

216 1324 477 1369 venditabant,
499 1336 620 1374 quum
650 1324 789 1362 iudicia
818 1325 975 1372 fiebant,
997 1337 1131 1363 verum
1161 1326 1278 1364 etiam
1307 1327 1564 1366 coemebant:

216 1397 282 1428 aut
320 1390 394 1428 nisi
433 1391 669 1428 arbitramini
710 1390 753 1428 L.
777 1390 932 1436 Crasso,
973 1390 1023 1438 Q.
1047 1391 1268 1439 Scaevolae,
1309 1391 1355 1432 C.
1384 1392 1563 1440 Claudio,

216 1456 496 1505 potentissimis
545 1455 780 1503 hominibus,
826 1468 991 1507 quorum
1042 1457 1256 1497 aedilitates
1298 1459 1564 1498 ornatissimas

215 1522 394 1567 vidimus,
412 1522 692 1560 commercium
714 1522 874 1560 istarum
895 1535 1024 1560 rerum
1045 1535 1136 1561 cum
1158 1523 1320 1563 Graecis
1335 1523 1562 1565 hominibus

215 1599 298 1625 non
327 1587 470 1635 fuisse3
515 1587 586 1633 his,
613 1588 679 1637 qui
709 1595 799 1638 post
829 1588 1062 1627 iudiciorum
1093 1589 1390 1629 dissolutionem
1417 1592 1563 1631 aediles

215 1653 307 1692 sacti
337 1661 438 1699 sunt,
469 1653 599 1692 fuisse.

271 1733 306 1769 9.
338 1720 593 1758 Acerbiorem
624 1719 740 1758 etiam
765 1720 902 1759 scitote
927 1733 1013 1760 esse
1039 1721 1255 1761 civitatibus
1284 1722 1422 1762 falsam
1449 1724 1563 1762 istam

215 1792 252 1824 et
282 1785 503 1824 simulatam
533 1786 785 1835 emptionem,
817 1798 937 1837 quarn
967 1787 999 1825 si
1029 1787 1115 1838 quis
1155 1788 1256 1826 clam
1285 1790 1475 1840 surripiat,
1496 1797 1563 1828 aut

215 1851 351 1902 eripiat
388 1851 517 1901 palam
547 1858 663 1901 atque
694 1851 852 1890 auferat.
912 1852 1018 1891 Nam
1057 1854 1336 1904 turpitudinem
1365 1867 1562 1894 summam

215 1930 301 1957 esse
322 1918 566 1964 arbitrantur,
588 1917 719 1956 referri
740 1918 780 1956 in
800 1918 962 1964 tabulas,
985 1920 1111 1969 pretio
1137 1919 1347 1959 adductam
1367 1921 1561 1961 civitatem

215 1992 254 2023 et
282 1984 407 2035 pretio
441 1996 559 2034 parvo
589 1996 636 2022 ea
665 1997 765 2035 quae
796 1985 1012 2035 accepisset
1042 1997 1066 2023 a
1099 1986 1312 2026 maioribus
1341 1988 1563 2028 vendidisse

216 2059 332 2101 atque
367 2051 618 2090 abalienasse.
676 2051 832 2089 Etenim
869 2052 1091 2090 mirandum
1130 2053 1170 2090 in
1208 2054 1375 2094 modum
1419 2054 1563 2095 Graeci

215 2119 332 2156 rebus
370 2118 463 2162 istis,
504 2129 602 2167 quas
641 2130 715 2156 nos
754 2119 1053 2165 contemnimus,
1093 2119 1344 2160 delectantur.
1421 2122 1561 2174 Itaque

215 2185 383 2223 maiores
417 2184 539 2222 nostri
573 2184 683 2223 facile
718 2185 965 2235 patiebantur
994 2185 1092 2225 haec
1125 2199 1212 2225 esse
1242 2200 1361 2239 quam
1395 2188 1561 2239 plurima

216 2251 322 2301 apud
351 2250 492 2296 socios,
512 2256 555 2287 ut
584 2250 746 2300 imperio
776 2258 912 2289 nostro
933 2264 1053 2302 quam
1073 2254 1309 2292 ornatissimi
1335 2253 1559 2294 florentissi-

216 2319 347 2368 mique
377 2324 529 2356 essent:
563 2317 670 2367 apud
699 2329 769 2355 eos
799 2325 939 2363 autern,
961 2330 1061 2368 quos
1090 2320 1299 2370 vectigales
1325 2327 1392 2359 aut
1415 2321 1560 2371 stipen-

217 2383 359 2423 diarios
387 2383 571 2430 fecerant,
591 2390 722 2422 tamen
751 2383 848 2423 haec
877 2383 1158 2436 relinquebant,
1185 2392 1228 2424 ut
1255 2386 1318 2434 illi,
1345 2386 1487 2438 quibus
1511 2399 1559 2426 ea

1590 215 1650 238 210

1588 545 1649 578 ²15

1587 873 1650 897 220

1586 1208 1646 1241 225

1583 1541 1648 1574 ²30

1584 1874 1646 1908 ²35

1582 2203 1646 2236 ²40
