<?xml version="1.0" encoding="UTF-8"?>
<!DOCTYPE html PUBLIC "-//W3C//DTD XHTML 1.0 Transitional//EN"
    "http://www.w3.org/TR/xhtml1/DTD/xhtml1-transitional.dtd">
<html xmlns="http://www.w3.org/1999/xhtml" xml:lang="en" lang="en">
 <head>
  <title>
</title>
<meta http-equiv="Content-Type" content="text/html;charset=utf-8" />
  <meta name='ocr-system' content='tesseract 3.04.00' />
  <meta name='ocr-capabilities' content='ocr_page ocr_carea ocr_par ocr_line ocrx_word'/>
</head>
<body>
  <div class='ocr_page' id='page_1' title='image "./extractsfromcice03ciceuoft_0015.png"; bbox 0 0 1747 2620; ppageno 0'>
   <div class='ocr_carea' id='block_1_1' title="bbox 205 69 1574 136">
    <p class='ocr_par' dir='ltr' id='par_1_1' title="bbox 205 69 1574 136">
     <span class='ocr_line' id='line_1_1' title="bbox 205 69 1574 136; baseline -0.001 -14"><span class='ocrx_word' id='word_1_1' title='bbox 205 91 232 124; x_wconf 83' lang='lat'>1.</span> <span class='ocrx_word' id='word_1_2' title='bbox 442 84 622 123; x_wconf 81' lang='lat' dir='ltr'><em>ROME&#39;S</em></span> <span class='ocrx_word' id='word_1_3' title='bbox 650 91 779 123; x_wconf 84' lang='lat' dir='ltr'><em>RULE</em></span> <span class='ocrx_word' id='word_1_4' title='bbox 811 90 871 123; x_wconf 80' lang='lat' dir='ltr'>oF</span> <span class='ocrx_word' id='word_1_5' title='bbox 902 69 999 123; x_wconf 70' lang='lat' dir='ltr'>rJER</span> <span class='ocrx_word' id='word_1_6' title='bbox 1033 90 1320 123; x_wconf 83' lang='lat' dir='ltr'><em>PROVINCES.</em></span> <span class='ocrx_word' id='word_1_7' title='bbox 1492 92 1574 136; x_wconf 82' lang='lat'>213</span> 
     </span>
    </p>
   </div>
   <div class='ocr_carea' id='block_1_2' title="bbox 99 193 1575 2483">
    <p class='ocr_par' dir='ltr' id='par_1_2' title="bbox 202 193 1573 248">
     <span class='ocr_line' id='line_1_2' title="bbox 202 193 1573 248; baseline -0.001 -15"><span class='ocrx_word' id='word_1_8' title='bbox 202 194 294 234; x_wconf 90' lang='lat' dir='ltr'>lime</span> <span class='ocrx_word' id='word_1_9' title='bbox 315 195 437 235; x_wconf 90' lang='lat' dir='ltr'>teneri</span> <span class='ocrx_word' id='word_1_10' title='bbox 458 202 600 248; x_wconf 90' lang='lat' dir='ltr'>potest,</span> <span class='ocrx_word' id='word_1_11' title='bbox 621 202 665 236; x_wconf 89' lang='lat' dir='ltr'>ut</span> <span class='ocrx_word' id='word_1_12' title='bbox 683 196 737 237; x_wconf 91' lang='lat' dir='ltr'>ita</span> <span class='ocrx_word' id='word_1_13' title='bbox 763 208 805 236; x_wconf 92' lang='lat' dir='ltr'>se</span> <span class='ocrx_word' id='word_1_14' title='bbox 825 202 965 248; x_wconf 77' lang='lat' dir='ltr'>gerant</span> <span class='ocrx_word' id='word_1_15' title='bbox 986 195 1025 234; x_wconf 94' lang='lat' dir='ltr'>in</span> <span class='ocrx_word' id='word_1_16' title='bbox 1046 195 1129 235; x_wconf 92' lang='lat' dir='ltr'>istis</span> <span class='ocrx_word' id='word_1_17' title='bbox 1150 193 1335 234; x_wconf 83' lang='lat' dir='ltr'>Asiaticis</span> <span class='ocrx_word' id='word_1_18' title='bbox 1357 194 1573 239; x_wconf 81' lang='lat' dir='ltr'>itineribus,</span> 
     </span>
    </p>

    <p class='ocr_par' dir='ltr' id='par_1_3' title="bbox 119 262 1575 653">
     <span class='ocr_line' id='line_1_3' title="bbox 201 262 1575 315; baseline -0.001 -15"><span class='ocrx_word' id='word_1_19' title='bbox 201 270 244 300; x_wconf 92' lang='lat' dir='ltr'>ut</span> <span class='ocrx_word' id='word_1_20' title='bbox 271 263 303 301; x_wconf 92' lang='lat' dir='ltr'>si</span> <span class='ocrx_word' id='word_1_21' title='bbox 330 263 402 302; x_wconf 92' lang='lat' dir='ltr'>iter</span> <span class='ocrx_word' id='word_1_22' title='bbox 421 264 555 315; x_wconf 92' lang='lat' dir='ltr'>Appia</span> <span class='ocrx_word' id='word_1_23' title='bbox 581 265 642 302; x_wconf 90' lang='lat' dir='ltr'>via</span> <span class='ocrx_word' id='word_1_24' title='bbox 669 264 831 312; x_wconf 86' lang='lat' dir='ltr'>faceres,</span> <span class='ocrx_word' id='word_1_25' title='bbox 852 276 951 302; x_wconf 89' lang='lat' dir='ltr'>neve</span> <span class='ocrx_word' id='word_1_26' title='bbox 979 263 1169 302; x_wconf 84' lang='lat' dir='ltr'>interesse</span> <span class='ocrx_word' id='word_1_27' title='bbox 1195 262 1414 314; x_wconf 81' lang='lat' dir='ltr'>quidquam</span> <span class='ocrx_word' id='word_1_28' title='bbox 1435 267 1575 312; x_wconf 89' lang='lat' dir='ltr'>putent</span> 
     </span>
     <span class='ocr_line' id='line_1_4' title="bbox 201 329 1574 380; baseline -0.001 -12"><span class='ocrx_word' id='word_1_29' title='bbox 201 336 332 369; x_wconf 89' lang='lat' dir='ltr'>utrum</span> <span class='ocrx_word' id='word_1_30' title='bbox 359 331 513 370; x_wconf 85' lang='lat' dir='ltr'>Tralles</span> <span class='ocrx_word' id='word_1_31' title='bbox 537 344 589 370; x_wconf 91' lang='lat' dir='ltr'>an</span> <span class='ocrx_word' id='word_1_32' title='bbox 609 330 790 370; x_wconf 85' lang='lat' dir='ltr'>Formias</span> <span class='ocrx_word' id='word_1_33' title='bbox 810 330 999 370; x_wconf 90' lang='lat' dir='ltr'>venerint.</span> <span class='ocrx_word' id='word_1_34' title='bbox 1058 330 1119 369; x_wconf 93' lang='lat' dir='ltr'>Ac</span> <span class='ocrx_word' id='word_1_35' title='bbox 1141 330 1172 369; x_wconf 92' lang='lat' dir='ltr'>si</span> <span class='ocrx_word' id='word_1_36' title='bbox 1194 330 1283 380; x_wconf 92' lang='lat' dir='ltr'>quis</span> <span class='ocrx_word' id='word_1_37' title='bbox 1304 336 1362 368; x_wconf 89' lang='lat' dir='ltr'>est</span> <span class='ocrx_word' id='word_1_38' title='bbox 1383 341 1432 367; x_wconf 81' lang='lat' dir='ltr'>ex</span> <span class='ocrx_word' id='word_1_39' title='bbox 1454 329 1574 367; x_wconf 90' lang='lat' dir='ltr'>servis</span> 
     </span>
     <span class='ocr_line' id='line_1_5' title="bbox 119 397 1572 449; baseline 0 -15"><span class='ocrx_word' id='word_1_40' title='bbox 119 411 183 445; x_wconf 89' lang='lat'>190</span> <span class='ocrx_word' id='word_1_41' title='bbox 201 399 360 449; x_wconf 87' lang='lat' dir='ltr'>egregie</span> <span class='ocrx_word' id='word_1_42' title='bbox 381 398 517 446; x_wconf 92' lang='lat' dir='ltr'>fidelis,</span> <span class='ocrx_word' id='word_1_43' title='bbox 540 399 588 438; x_wconf 92' lang='lat' dir='ltr'>sit</span> <span class='ocrx_word' id='word_1_44' title='bbox 617 399 658 437; x_wconf 92' lang='lat' dir='ltr'>in</span> <span class='ocrx_word' id='word_1_45' title='bbox 688 398 918 438; x_wconf 88' lang='lat' dir='ltr'>domesticis</span> <span class='ocrx_word' id='word_1_46' title='bbox 948 397 1067 438; x_wconf 92' lang='lat' dir='ltr'>rebus</span> <span class='ocrx_word' id='word_1_47' title='bbox 1097 404 1136 437; x_wconf 86' lang='lat' dir='ltr'>et</span> <span class='ocrx_word' id='word_1_48' title='bbox 1165 397 1352 448; x_wconf 86' lang='lat' dir='ltr'>privatis:</span> <span class='ocrx_word' id='word_1_49' title='bbox 1384 408 1486 447; x_wconf 91' lang='lat' dir='ltr'>quae</span> <span class='ocrx_word' id='word_1_50' title='bbox 1511 408 1572 434; x_wconf 91' lang='lat' dir='ltr'>res</span> 
     </span>
     <span class='ocr_line' id='line_1_6' title="bbox 200 464 1572 519; baseline -0.002 -14"><span class='ocrx_word' id='word_1_51' title='bbox 200 466 251 505; x_wconf 92' lang='lat' dir='ltr'>ad</span> <span class='ocrx_word' id='word_1_52' title='bbox 271 466 445 506; x_wconf 87' lang='lat' dir='ltr'>officium</span> <span class='ocrx_word' id='word_1_53' title='bbox 465 468 619 519; x_wconf 89' lang='lat' dir='ltr'>imperii</span> <span class='ocrx_word' id='word_1_54' title='bbox 646 468 701 506; x_wconf 92' lang='lat' dir='ltr'>tui</span> <span class='ocrx_word' id='word_1_55' title='bbox 722 474 839 519; x_wconf 88' lang='lat' dir='ltr'>atque</span> <span class='ocrx_word' id='word_1_56' title='bbox 861 466 912 505; x_wconf 92' lang='lat' dir='ltr'>ad</span> <span class='ocrx_word' id='word_1_57' title='bbox 939 466 1113 516; x_wconf 86' lang='lat' dir='ltr'>aliquam</span> <span class='ocrx_word' id='word_1_58' title='bbox 1138 473 1293 517; x_wconf 88' lang='lat' dir='ltr'>partem</span> <span class='ocrx_word' id='word_1_59' title='bbox 1315 465 1370 503; x_wconf 90' lang='lat' dir='ltr'>rei</span> <span class='ocrx_word' id='word_1_60' title='bbox 1391 464 1572 515; x_wconf 88' lang='lat' dir='ltr'>publicae</span> 
     </span>
     <span class='ocr_line' id='line_1_7' title="bbox 200 526 1570 586; baseline -0.001 -14"><span class='ocrx_word' id='word_1_61' title='bbox 200 535 464 586; x_wconf 89' lang='lat' dir='ltr'>pertinebunt,</span> <span class='ocrx_word' id='word_1_62' title='bbox 496 535 546 574; x_wconf 92' lang='lat' dir='ltr'>de</span> <span class='ocrx_word' id='word_1_63' title='bbox 584 535 644 574; x_wconf 90' lang='lat' dir='ltr'>his</span> <span class='ocrx_word' id='word_1_64' title='bbox 684 535 801 574; x_wconf 91' lang='lat' dir='ltr'>rebus</span> <span class='ocrx_word' id='word_1_65' title='bbox 842 526 893 573; x_wconf 87' lang='lat' dir='ltr'>ne</span> <span class='ocrx_word' id='word_1_66' title='bbox 925 533 1020 585; x_wconf 90' lang='lat' dir='ltr'>quid</span> <span class='ocrx_word' id='word_1_67' title='bbox 1055 533 1233 584; x_wconf 86' lang='lat' dir='ltr'>attingat.</span> <span class='ocrx_word' id='word_1_68' title='bbox 1294 532 1422 570; x_wconf 87' lang='lat' dir='ltr'>Multa</span> <span class='ocrx_word' id='word_1_69' title='bbox 1452 532 1570 578; x_wconf 91' lang='lat' dir='ltr'>enim,</span> 
     </span>
     <span class='ocr_line' id='line_1_8' title="bbox 200 599 1572 653; baseline -0.002 -13"><span class='ocrx_word' id='word_1_70' title='bbox 200 614 301 653; x_wconf 90' lang='lat' dir='ltr'>quae</span> <span class='ocrx_word' id='word_1_71' title='bbox 322 609 428 642; x_wconf 89' lang='lat' dir='ltr'>recte</span> <span class='ocrx_word' id='word_1_72' title='bbox 451 602 646 642; x_wconf 88' lang='lat' dir='ltr'>committi</span> <span class='ocrx_word' id='word_1_73' title='bbox 668 603 788 641; x_wconf 90' lang='lat' dir='ltr'>servis</span> <span class='ocrx_word' id='word_1_74' title='bbox 811 601 992 641; x_wconf 90' lang='lat' dir='ltr'>fidelibus</span> <span class='ocrx_word' id='word_1_75' title='bbox 1014 608 1195 653; x_wconf 88' lang='lat' dir='ltr'>possunt,</span> <span class='ocrx_word' id='word_1_76' title='bbox 1217 608 1352 639; x_wconf 88' lang='lat' dir='ltr'>tamen</span> <span class='ocrx_word' id='word_1_77' title='bbox 1374 599 1572 639; x_wconf 89' lang='lat' dir='ltr'>sermonis</span> 
     </span>
    </p>

    <p class='ocr_par' dir='ltr' id='par_1_4' title="bbox 200 666 1572 721">
     <span class='ocr_line' id='line_1_9' title="bbox 200 666 1572 721; baseline -0.002 -13"><span class='ocrx_word' id='word_1_78' title='bbox 200 676 239 708; x_wconf 92' lang='lat' dir='ltr'>et</span> <span class='ocrx_word' id='word_1_79' title='bbox 259 670 553 721; x_wconf 90' lang='lat' dir='ltr'>vituperationis</span> <span class='ocrx_word' id='word_1_80' title='bbox 574 670 757 709; x_wconf 88' lang='lat' dir='ltr'>vitandae</span> <span class='ocrx_word' id='word_1_81' title='bbox 779 682 898 709; x_wconf 91' lang='lat' dir='ltr'>causa</span> <span class='ocrx_word' id='word_1_82' title='bbox 915 669 1203 708; x_wconf 89' lang='lat' dir='ltr'>committenda</span> <span class='ocrx_word' id='word_1_83' title='bbox 1223 680 1306 707; x_wconf 92' lang='lat' dir='ltr'>non</span> <span class='ocrx_word' id='word_1_84' title='bbox 1328 675 1431 707; x_wconf 86' lang='lat' dir='ltr'>sunt.</span> <span class='ocrx_word' id='word_1_85' title='bbox 1493 666 1572 705; x_wconf 90' lang='lat' dir='ltr'>Sed</span> 
     </span>
    </p>

    <p class='ocr_par' dir='ltr' id='par_1_5' title="bbox 99 735 1571 1668">
     <span class='ocr_line' id='line_1_10' title="bbox 117 735 1571 790; baseline -0.003 -13"><span class='ocrx_word' id='word_1_86' title='bbox 117 752 177 788; x_wconf 85' lang='lat'>¹95</span> <span class='ocrx_word' id='word_1_87' title='bbox 199 737 336 776; x_wconf 90' lang='lat' dir='ltr'>nescio</span> <span class='ocrx_word' id='word_1_88' title='bbox 357 750 437 789; x_wconf 92' lang='lat' dir='ltr'>quo</span> <span class='ocrx_word' id='word_1_89' title='bbox 459 745 578 790; x_wconf 90' lang='lat' dir='ltr'>pacto</span> <span class='ocrx_word' id='word_1_90' title='bbox 599 738 650 777; x_wconf 91' lang='lat' dir='ltr'>ad</span> <span class='ocrx_word' id='word_1_91' title='bbox 672 737 942 789; x_wconf 90' lang='lat' dir='ltr'>praecipiendi</span> <span class='ocrx_word' id='word_1_92' title='bbox 962 736 1158 775; x_wconf 89' lang='lat' dir='ltr'>rationem</span> <span class='ocrx_word' id='word_1_93' title='bbox 1180 735 1343 786; x_wconf 88' lang='lat' dir='ltr'>delapsa</span> <span class='ocrx_word' id='word_1_94' title='bbox 1364 741 1423 773; x_wconf 90' lang='lat' dir='ltr'>est</span> <span class='ocrx_word' id='word_1_95' title='bbox 1444 735 1571 773; x_wconf 88' lang='lat' dir='ltr'>oratio</span> 
     </span>
     <span class='ocr_line' id='line_1_11' title="bbox 198 801 1571 857; baseline -0.001 -15"><span class='ocrx_word' id='word_1_96' title='bbox 198 816 300 853; x_wconf 89' lang='lat' dir='ltr'>mea,</span> <span class='ocrx_word' id='word_1_97' title='bbox 330 817 454 857; x_wconf 89' lang='lat' dir='ltr'>quum</span> <span class='ocrx_word' id='word_1_98' title='bbox 493 805 534 844; x_wconf 89' lang='lat' dir='ltr'>id</span> <span class='ocrx_word' id='word_1_99' title='bbox 568 805 664 844; x_wconf 91' lang='lat' dir='ltr'>mihi</span> <span class='ocrx_word' id='word_1_100' title='bbox 703 805 954 857; x_wconf 89' lang='lat' dir='ltr'>propositum</span> <span class='ocrx_word' id='word_1_101' title='bbox 994 804 1106 842; x_wconf 89' lang='lat' dir='ltr'>initio</span> <span class='ocrx_word' id='word_1_102' title='bbox 1137 815 1221 842; x_wconf 94' lang='lat' dir='ltr'>non</span> <span class='ocrx_word' id='word_1_103' title='bbox 1251 802 1399 841; x_wconf 86' lang='lat' dir='ltr'>fuisset.</span> <span class='ocrx_word' id='word_1_104' title='bbox 1462 801 1571 849; x_wconf 87' lang='lat' dir='ltr'>Quid</span> 
     </span>
     <span class='ocr_line' id='line_1_12' title="bbox 198 870 1570 925; baseline -0.003 -13"><span class='ocrx_word' id='word_1_105' title='bbox 198 874 306 912; x_wconf 90' lang='lat' dir='ltr'>enim</span> <span class='ocrx_word' id='word_1_106' title='bbox 336 874 372 913; x_wconf 92' lang='lat' dir='ltr'>ei</span> <span class='ocrx_word' id='word_1_107' title='bbox 401 874 651 925; x_wconf 85' lang='lat' dir='ltr'>praecipiam,</span> <span class='ocrx_word' id='word_1_108' title='bbox 684 886 803 924; x_wconf 89' lang='lat' dir='ltr'>quem</span> <span class='ocrx_word' id='word_1_109' title='bbox 838 885 915 924; x_wconf 85' lang='lat' dir='ltr'>ego</span> <span class='ocrx_word' id='word_1_110' title='bbox 954 872 996 911; x_wconf 92' lang='lat' dir='ltr'>in</span> <span class='ocrx_word' id='word_1_111' title='bbox 1034 872 1112 911; x_wconf 93' lang='lat' dir='ltr'>hoc</span> <span class='ocrx_word' id='word_1_112' title='bbox 1151 870 1384 922; x_wconf 88' lang='lat' dir='ltr'>praesertim</span> <span class='ocrx_word' id='word_1_113' title='bbox 1423 882 1570 921; x_wconf 88' lang='lat' dir='ltr'>genere</span> 
     </span>
     <span class='ocr_line' id='line_1_13' title="bbox 197 940 1570 993; baseline -0.002 -14"><span class='ocrx_word' id='word_1_114' title='bbox 197 941 413 992; x_wconf 86' lang='lat' dir='ltr'>intelligam</span> <span class='ocrx_word' id='word_1_115' title='bbox 433 941 643 993; x_wconf 89' lang='lat' dir='ltr'>prudentia</span> <span class='ocrx_word' id='word_1_116' title='bbox 663 954 745 980; x_wconf 91' lang='lat' dir='ltr'>non</span> <span class='ocrx_word' id='word_1_117' title='bbox 773 953 860 980; x_wconf 92' lang='lat' dir='ltr'>esse</span> <span class='ocrx_word' id='word_1_118' title='bbox 888 940 1114 980; x_wconf 87' lang='lat' dir='ltr'>inferiorem</span> <span class='ocrx_word' id='word_1_119' title='bbox 1135 951 1256 990; x_wconf 87' lang='lat' dir='ltr'>quarn</span> <span class='ocrx_word' id='word_1_120' title='bbox 1284 950 1361 985; x_wconf 82' lang='lat' dir='ltr'>me,</span> <span class='ocrx_word' id='word_1_121' title='bbox 1381 950 1457 976; x_wconf 88' lang='lat' dir='ltr'>usu</span> <span class='ocrx_word' id='word_1_122' title='bbox 1476 949 1570 977; x_wconf 91' lang='lat' dir='ltr'>vero</span> 
     </span>
     <span class='ocr_line' id='line_1_14' title="bbox 197 1005 1570 1060; baseline -0.003 -12"><span class='ocrx_word' id='word_1_123' title='bbox 197 1009 316 1048; x_wconf 88' lang='lat' dir='ltr'>etiam</span> <span class='ocrx_word' id='word_1_124' title='bbox 337 1009 607 1060; x_wconf 84' lang='lat' dir='ltr'>superiorem?</span> <span class='ocrx_word' id='word_1_125' title='bbox 662 1007 742 1047; x_wconf 82' lang='lat' dir='ltr'>Sed</span> <span class='ocrx_word' id='word_1_126' title='bbox 763 1015 897 1047; x_wconf 86' lang='lat' dir='ltr'>tamen</span> <span class='ocrx_word' id='word_1_127' title='bbox 919 1008 951 1047; x_wconf 95' lang='lat' dir='ltr'>si</span> <span class='ocrx_word' id='word_1_128' title='bbox 973 1007 1025 1046; x_wconf 89' lang='lat' dir='ltr'>ad</span> <span class='ocrx_word' id='word_1_129' title='bbox 1045 1019 1101 1055; x_wconf 90' lang='lat' dir='ltr'>ea,</span> <span class='ocrx_word' id='word_1_130' title='bbox 1125 1019 1227 1058; x_wconf 86' lang='lat' dir='ltr'>quae</span> <span class='ocrx_word' id='word_1_131' title='bbox 1248 1005 1408 1053; x_wconf 88' lang='lat' dir='ltr'>faceres,</span> <span class='ocrx_word' id='word_1_132' title='bbox 1433 1012 1570 1044; x_wconf 89' lang='lat' dir='ltr'>aucto-</span> 
     </span>
     <span class='ocr_line' id='line_1_15' title="bbox 113 1074 1568 1127; baseline -0.002 -12"><span class='ocrx_word' id='word_1_133' title='bbox 113 1096 178 1119; x_wconf 86' lang='lat'>200</span> <span class='ocrx_word' id='word_1_134' title='bbox 197 1077 289 1115; x_wconf 89' lang='lat' dir='ltr'>ritas</span> <span class='ocrx_word' id='word_1_135' title='bbox 319 1077 525 1116; x_wconf 87' lang='lat' dir='ltr'>accederet</span> <span class='ocrx_word' id='word_1_136' title='bbox 563 1089 665 1124; x_wconf 90' lang='lat' dir='ltr'>mea,</span> <span class='ocrx_word' id='word_1_137' title='bbox 705 1076 774 1115; x_wconf 89' lang='lat' dir='ltr'>tibi</span> <span class='ocrx_word' id='word_1_138' title='bbox 814 1076 886 1127; x_wconf 91' lang='lat' dir='ltr'>ipsi</span> <span class='ocrx_word' id='word_1_139' title='bbox 926 1075 990 1114; x_wconf 90' lang='lat' dir='ltr'>illa</span> <span class='ocrx_word' id='word_1_140' title='bbox 1027 1075 1159 1127; x_wconf 88' lang='lat' dir='ltr'>putavi</span> <span class='ocrx_word' id='word_1_141' title='bbox 1199 1074 1282 1113; x_wconf 90' lang='lat' dir='ltr'>fore</span> <span class='ocrx_word' id='word_1_142' title='bbox 1322 1074 1568 1113; x_wconf 88' lang='lat' dir='ltr'>iucundiora.</span> 
     </span>
     <span class='ocr_line' id='line_1_16' title="bbox 197 1142 1568 1195; baseline -0.004 -11"><span class='ocrx_word' id='word_1_143' title='bbox 197 1143 332 1193; x_wconf 88' lang='lat' dir='ltr'>Quare</span> <span class='ocrx_word' id='word_1_144' title='bbox 353 1145 430 1184; x_wconf 89' lang='lat' dir='ltr'>sint</span> <span class='ocrx_word' id='word_1_145' title='bbox 450 1144 525 1184; x_wconf 89' lang='lat' dir='ltr'>hac</span> <span class='ocrx_word' id='word_1_146' title='bbox 545 1144 806 1183; x_wconf 88' lang='lat' dir='ltr'>fundamenta</span> <span class='ocrx_word' id='word_1_147' title='bbox 827 1143 1028 1195; x_wconf 88' lang='lat' dir='ltr'>dignitatis</span> <span class='ocrx_word' id='word_1_148' title='bbox 1049 1151 1162 1182; x_wconf 92' lang='lat' dir='ltr'>tuae:</span> <span class='ocrx_word' id='word_1_149' title='bbox 1195 1150 1262 1181; x_wconf 85' lang='lat' dir='ltr'>tua</span> <span class='ocrx_word' id='word_1_150' title='bbox 1279 1142 1451 1193; x_wconf 90' lang='lat' dir='ltr'>primum</span> <span class='ocrx_word' id='word_1_151' title='bbox 1467 1142 1568 1180; x_wconf 90' lang='lat' dir='ltr'>inte·</span> 
     </span>
     <span class='ocr_line' id='line_1_17' title="bbox 195 1208 1566 1263; baseline -0.004 -12"><span class='ocrx_word' id='word_1_152' title='bbox 195 1213 316 1263; x_wconf 87' lang='lat' dir='ltr'>gritas</span> <span class='ocrx_word' id='word_1_153' title='bbox 340 1219 380 1251; x_wconf 93' lang='lat' dir='ltr'>et</span> <span class='ocrx_word' id='word_1_154' title='bbox 403 1212 658 1260; x_wconf 86' lang='lat' dir='ltr'>continentia,</span> <span class='ocrx_word' id='word_1_155' title='bbox 680 1211 824 1251; x_wconf 90' lang='lat' dir='ltr'>deinde</span> <span class='ocrx_word' id='word_1_156' title='bbox 850 1212 1032 1250; x_wconf 90' lang='lat' dir='ltr'>omnium</span> <span class='ocrx_word' id='word_1_157' title='bbox 1060 1211 1127 1262; x_wconf 91' lang='lat' dir='ltr'>qui</span> <span class='ocrx_word' id='word_1_158' title='bbox 1151 1217 1283 1249; x_wconf 89' lang='lat' dir='ltr'>tecum</span> <span class='ocrx_word' id='word_1_159' title='bbox 1309 1215 1400 1249; x_wconf 90' lang='lat' dir='ltr'>sunt</span> <span class='ocrx_word' id='word_1_160' title='bbox 1425 1208 1566 1260; x_wconf 88' lang='lat' dir='ltr'>pudor,</span> 
     </span>
     <span class='ocr_line' id='line_1_18' title="bbox 197 1277 1568 1330; baseline -0.003 -11"><span class='ocrx_word' id='word_1_161' title='bbox 197 1280 372 1320; x_wconf 88' lang='lat' dir='ltr'>delectus</span> <span class='ocrx_word' id='word_1_162' title='bbox 415 1281 457 1319; x_wconf 92' lang='lat' dir='ltr'>in</span> <span class='ocrx_word' id='word_1_163' title='bbox 499 1279 823 1320; x_wconf 86' lang='lat' dir='ltr'>familiaritatibus</span> <span class='ocrx_word' id='word_1_164' title='bbox 863 1286 901 1318; x_wconf 91' lang='lat' dir='ltr'>et</span> <span class='ocrx_word' id='word_1_165' title='bbox 941 1278 1242 1330; x_wconf 87' lang='lat' dir='ltr'>provincialium</span> <span class='ocrx_word' id='word_1_166' title='bbox 1283 1277 1494 1316; x_wconf 89' lang='lat' dir='ltr'>hominurn</span> <span class='ocrx_word' id='word_1_167' title='bbox 1529 1282 1568 1315; x_wconf 90' lang='lat' dir='ltr'>et</span> 
     </span>
     <span class='ocr_line' id='line_1_19' title="bbox 195 1346 1566 1399; baseline -0.003 -12"><span class='ocrx_word' id='word_1_168' title='bbox 195 1346 443 1388; x_wconf 91' lang='lat' dir='ltr'>Graecorum</span> <span class='ocrx_word' id='word_1_169' title='bbox 464 1354 674 1399; x_wconf 87' lang='lat' dir='ltr'>percautus</span> <span class='ocrx_word' id='word_1_170' title='bbox 695 1353 734 1386; x_wconf 93' lang='lat' dir='ltr'>et</span> <span class='ocrx_word' id='word_1_171' title='bbox 755 1347 932 1398; x_wconf 86' lang='lat' dir='ltr'>diligens,</span> <span class='ocrx_word' id='word_1_172' title='bbox 954 1346 1125 1386; x_wconf 86' lang='lat' dir='ltr'>familiae</span> <span class='ocrx_word' id='word_1_173' title='bbox 1152 1346 1282 1397; x_wconf 83' lang='lat' dir='ltr'>gravis</span> <span class='ocrx_word' id='word_1_174' title='bbox 1312 1352 1348 1384; x_wconf 91' lang='lat' dir='ltr'>et</span> <span class='ocrx_word' id='word_1_175' title='bbox 1377 1351 1566 1384; x_wconf 85' lang='lat' dir='ltr'>constans</span> 
     </span>
     <span class='ocr_line' id='line_1_20' title="bbox 99 1412 1566 1467; baseline -0.001 -15"><span class='ocrx_word' id='word_1_176' title='bbox 99 1428 173 1461; x_wconf 42' lang='lat'>,205</span> <span class='ocrx_word' id='word_1_177' title='bbox 194 1415 411 1467; x_wconf 86' lang='lat' dir='ltr'>disciplina.</span> <span class='ocrx_word' id='word_1_178' title='bbox 471 1415 587 1464; x_wconf 88' lang='lat' dir='ltr'>Quae</span> <span class='ocrx_word' id='word_1_179' title='bbox 615 1427 737 1466; x_wconf 90' lang='lat' dir='ltr'>quum</span> <span class='ocrx_word' id='word_1_180' title='bbox 765 1414 933 1453; x_wconf 88' lang='lat' dir='ltr'>honesta</span> <span class='ocrx_word' id='word_1_181' title='bbox 965 1414 1042 1453; x_wconf 89' lang='lat' dir='ltr'>sint</span> <span class='ocrx_word' id='word_1_182' title='bbox 1071 1414 1111 1452; x_wconf 90' lang='lat' dir='ltr'>in</span> <span class='ocrx_word' id='word_1_183' title='bbox 1139 1413 1199 1452; x_wconf 90' lang='lat' dir='ltr'>his</span> <span class='ocrx_word' id='word_1_184' title='bbox 1230 1412 1390 1464; x_wconf 83' lang='lat' dir='ltr'>privatis</span> <span class='ocrx_word' id='word_1_185' title='bbox 1420 1412 1566 1451; x_wconf 88' lang='lat' dir='ltr'>nostris</span> 
     </span>
     <span class='ocr_line' id='line_1_21' title="bbox 193 1479 1564 1535; baseline -0.003 -12"><span class='ocrx_word' id='word_1_186' title='bbox 193 1483 512 1535; x_wconf 88' lang='lat' dir='ltr'>quotidianisque</span> <span class='ocrx_word' id='word_1_187' title='bbox 541 1483 770 1525; x_wconf 89' lang='lat' dir='ltr'>rationibus,</span> <span class='ocrx_word' id='word_1_188' title='bbox 803 1482 843 1520; x_wconf 90' lang='lat' dir='ltr'>in</span> <span class='ocrx_word' id='word_1_189' title='bbox 878 1488 988 1520; x_wconf 89' lang='lat' dir='ltr'>tanto</span> <span class='ocrx_word' id='word_1_190' title='bbox 1018 1481 1197 1532; x_wconf 90' lang='lat' dir='ltr'>imperio,</span> <span class='ocrx_word' id='word_1_191' title='bbox 1229 1487 1311 1518; x_wconf 88' lang='lat' dir='ltr'>tarn</span> <span class='ocrx_word' id='word_1_192' title='bbox 1342 1479 1564 1531; x_wconf 89' lang='lat' dir='ltr'>depravatis</span> 
     </span>
     <span class='ocr_line' id='line_1_22' title="bbox 192 1547 1564 1601; baseline -0.003 -11"><span class='ocrx_word' id='word_1_193' title='bbox 192 1552 382 1598; x_wconf 87' lang='lat' dir='ltr'>moribus,</span> <span class='ocrx_word' id='word_1_194' title='bbox 403 1557 485 1589; x_wconf 89' lang='lat' dir='ltr'>tam</span> <span class='ocrx_word' id='word_1_195' title='bbox 516 1550 757 1601; x_wconf 85' lang='lat' dir='ltr'>corruptrice</span> <span class='ocrx_word' id='word_1_196' title='bbox 780 1549 985 1600; x_wconf 86' lang='lat' dir='ltr'>provincia</span> <span class='ocrx_word' id='word_1_197' title='bbox 1010 1548 1142 1587; x_wconf 90' lang='lat' dir='ltr'>divina</span> <span class='ocrx_word' id='word_1_198' title='bbox 1166 1547 1373 1586; x_wconf 88' lang='lat' dir='ltr'>videantur</span> <span class='ocrx_word' id='word_1_199' title='bbox 1397 1560 1564 1587; x_wconf 91' lang='lat' dir='ltr'>necesse</span> 
     </span>
     <span class='ocr_line' id='line_1_23' title="bbox 192 1615 1563 1668; baseline -0.004 -9"><span class='ocrx_word' id='word_1_200' title='bbox 192 1626 262 1659; x_wconf 90' lang='lat' dir='ltr'>est.</span> <span class='ocrx_word' id='word_1_201' title='bbox 321 1618 437 1658; x_wconf 86' lang='lat' dir='ltr'>Haec</span> <span class='ocrx_word' id='word_1_202' title='bbox 467 1618 658 1657; x_wconf 89' lang='lat' dir='ltr'>institutio</span> <span class='ocrx_word' id='word_1_203' title='bbox 690 1624 807 1668; x_wconf 91' lang='lat' dir='ltr'>atque</span> <span class='ocrx_word' id='word_1_204' title='bbox 838 1616 936 1656; x_wconf 91' lang='lat' dir='ltr'>haec</span> <span class='ocrx_word' id='word_1_205' title='bbox 967 1616 1173 1667; x_wconf 89' lang='lat' dir='ltr'>disciplina</span> <span class='ocrx_word' id='word_1_206' title='bbox 1202 1622 1336 1666; x_wconf 89' lang='lat' dir='ltr'>potest</span> <span class='ocrx_word' id='word_1_207' title='bbox 1371 1615 1563 1654; x_wconf 84' lang='lat' dir='ltr'>sustinere</span> 
     </span>
    </p>

    <p class='ocr_par' dir='ltr' id='par_1_6' title="bbox 107 1684 1562 1874">
     <span class='ocr_line' id='line_1_24' title="bbox 191 1684 1562 1734; baseline -0.004 -8"><span class='ocrx_word' id='word_1_208' title='bbox 191 1687 232 1726; x_wconf 91' lang='lat' dir='ltr'>in</span> <span class='ocrx_word' id='word_1_209' title='bbox 252 1687 370 1726; x_wconf 89' lang='lat' dir='ltr'>rebus</span> <span class='ocrx_word' id='word_1_210' title='bbox 400 1686 618 1726; x_wconf 89' lang='lat' dir='ltr'>statuendis</span> <span class='ocrx_word' id='word_1_211' title='bbox 648 1692 687 1725; x_wconf 89' lang='lat' dir='ltr'>et</span> <span class='ocrx_word' id='word_1_212' title='bbox 717 1684 976 1724; x_wconf 88' lang='lat' dir='ltr'>decernendis</span> <span class='ocrx_word' id='word_1_213' title='bbox 1007 1697 1095 1723; x_wconf 88' lang='lat' dir='ltr'>earn</span> <span class='ocrx_word' id='word_1_214' title='bbox 1126 1684 1384 1730; x_wconf 88' lang='lat' dir='ltr'>severitatem,</span> <span class='ocrx_word' id='word_1_215' title='bbox 1413 1695 1492 1734; x_wconf 88' lang='lat' dir='ltr'>qua</span> <span class='ocrx_word' id='word_1_216' title='bbox 1522 1690 1562 1721; x_wconf 92' lang='lat' dir='ltr'>tu</span> 
     </span>
     <span class='ocr_line' id='line_1_25' title="bbox 107 1751 1560 1804; baseline -0.003 -10"><span class='ocrx_word' id='word_1_217' title='bbox 107 1770 173 1797; x_wconf 89' lang='lat'>210</span> <span class='ocrx_word' id='word_1_218' title='bbox 190 1755 231 1793; x_wconf 93' lang='lat' dir='ltr'>in</span> <span class='ocrx_word' id='word_1_219' title='bbox 261 1755 308 1795; x_wconf 84' lang='lat' dir='ltr'>iis</span> <span class='ocrx_word' id='word_1_220' title='bbox 345 1755 464 1794; x_wconf 91' lang='lat' dir='ltr'>rebus</span> <span class='ocrx_word' id='word_1_221' title='bbox 494 1766 589 1793; x_wconf 91' lang='lat' dir='ltr'>usus</span> <span class='ocrx_word' id='word_1_222' title='bbox 629 1766 683 1800; x_wconf 89' lang='lat' dir='ltr'>es,</span> <span class='ocrx_word' id='word_1_223' title='bbox 715 1766 762 1792; x_wconf 84' lang='lat' dir='ltr'>ex</span> <span class='ocrx_word' id='word_1_224' title='bbox 796 1753 938 1804; x_wconf 92' lang='lat' dir='ltr'>quibus</span> <span class='ocrx_word' id='word_1_225' title='bbox 973 1751 1184 1790; x_wconf 87' lang='lat' dir='ltr'>nonnullas</span> <span class='ocrx_word' id='word_1_226' title='bbox 1216 1751 1433 1790; x_wconf 88' lang='lat' dir='ltr'>simultates</span> <span class='ocrx_word' id='word_1_227' title='bbox 1469 1763 1560 1789; x_wconf 90' lang='lat' dir='ltr'>cum</span> 
     </span>
     <span class='ocr_line' id='line_1_26' title="bbox 189 1818 1561 1874; baseline -0.004 -12"><span class='ocrx_word' id='word_1_228' title='bbox 189 1835 338 1874; x_wconf 87' lang='lat' dir='ltr'>magna</span> <span class='ocrx_word' id='word_1_229' title='bbox 363 1835 454 1861; x_wconf 89' lang='lat' dir='ltr'>mea</span> <span class='ocrx_word' id='word_1_230' title='bbox 473 1821 616 1860; x_wconf 87' lang='lat' dir='ltr'>laetitia</span> <span class='ocrx_word' id='word_1_231' title='bbox 637 1826 841 1871; x_wconf 89' lang='lat' dir='ltr'>susceptas</span> <span class='ocrx_word' id='word_1_232' title='bbox 868 1819 1086 1858; x_wconf 89' lang='lat' dir='ltr'>habemus:</span> <span class='ocrx_word' id='word_1_233' title='bbox 1119 1819 1193 1857; x_wconf 90' lang='lat' dir='ltr'>nisi</span> <span class='ocrx_word' id='word_1_234' title='bbox 1220 1818 1320 1857; x_wconf 89' lang='lat' dir='ltr'>forte</span> <span class='ocrx_word' id='word_1_235' title='bbox 1348 1831 1413 1857; x_wconf 87' lang='lat' dir='ltr'>me</span> <span class='ocrx_word' id='word_1_236' title='bbox 1435 1818 1561 1857; x_wconf 89' lang='lat' dir='ltr'>Paco-</span> 
     </span>
    </p>

    <p class='ocr_par' dir='ltr' id='par_1_7' title="bbox 100 1885 1560 2483">
     <span class='ocr_line' id='line_1_27' title="bbox 188 1885 1560 1936; baseline -0.004 -6"><span class='ocrx_word' id='word_1_237' title='bbox 188 1890 243 1929; x_wconf 90' lang='lat' dir='ltr'>nii</span> <span class='ocrx_word' id='word_1_238' title='bbox 271 1890 407 1930; x_wconf 91' lang='lat' dir='ltr'>nescio</span> <span class='ocrx_word' id='word_1_239' title='bbox 443 1889 565 1936; x_wconf 87' lang='lat' dir='ltr'>cuius,</span> <span class='ocrx_word' id='word_1_240' title='bbox 596 1888 767 1927; x_wconf 90' lang='lat' dir='ltr'>hominis</span> <span class='ocrx_word' id='word_1_241' title='bbox 808 1900 858 1926; x_wconf 91' lang='lat' dir='ltr'>ne</span> <span class='ocrx_word' id='word_1_242' title='bbox 889 1886 1032 1926; x_wconf 90' lang='lat' dir='ltr'>Graeci</span> <span class='ocrx_word' id='word_1_243' title='bbox 1067 1886 1230 1934; x_wconf 83' lang='lat' dir='ltr'>quidem</span> <span class='ocrx_word' id='word_1_244' title='bbox 1271 1898 1318 1925; x_wconf 89' lang='lat' dir='ltr'>ac</span> <span class='ocrx_word' id='word_1_245' title='bbox 1349 1885 1454 1936; x_wconf 80' lang='lat' dir='ltr'>Mysi</span> <span class='ocrx_word' id='word_1_246' title='bbox 1495 1893 1560 1924; x_wconf 90' lang='lat' dir='ltr'>aut</span> 
     </span>
     <span class='ocr_line' id='line_1_28' title="bbox 188 1952 1558 2010; baseline -0.005 -13"><span class='ocrx_word' id='word_1_247' title='bbox 188 1957 355 2010; x_wconf 90' lang='lat' dir='ltr'>Phrygis</span> <span class='ocrx_word' id='word_1_248' title='bbox 376 1957 519 2008; x_wconf 91' lang='lat' dir='ltr'>potius,</span> <span class='ocrx_word' id='word_1_249' title='bbox 542 1955 709 2008; x_wconf 87' lang='lat' dir='ltr'>querelis</span> <span class='ocrx_word' id='word_1_250' title='bbox 741 1954 890 1993; x_wconf 89' lang='lat' dir='ltr'>moveri</span> <span class='ocrx_word' id='word_1_251' title='bbox 918 1961 1045 2005; x_wconf 89' lang='lat' dir='ltr'>putas,</span> <span class='ocrx_word' id='word_1_252' title='bbox 1067 1960 1134 1991; x_wconf 90' lang='lat' dir='ltr'>aut</span> <span class='ocrx_word' id='word_1_253' title='bbox 1163 1952 1363 2000; x_wconf 87' lang='lat' dir='ltr'>Tuscenii,</span> <span class='ocrx_word' id='word_1_254' title='bbox 1386 1953 1558 1991; x_wconf 89' lang='lat' dir='ltr'>hominis</span> 
     </span>
     <span class='ocr_line' id='line_1_29' title="bbox 187 2019 1557 2073; baseline -0.004 -9"><span class='ocrx_word' id='word_1_255' title='bbox 187 2025 324 2065; x_wconf 85' lang='lat' dir='ltr'>furiosi</span> <span class='ocrx_word' id='word_1_256' title='bbox 345 2038 391 2064; x_wconf 89' lang='lat' dir='ltr'>ac</span> <span class='ocrx_word' id='word_1_257' title='bbox 419 2024 580 2071; x_wconf 85' lang='lat' dir='ltr'>sordidi,</span> <span class='ocrx_word' id='word_1_258' title='bbox 601 2024 776 2066; x_wconf 81' lang='lat' dir='ltr'>vocibus,</span> <span class='ocrx_word' id='word_1_259' title='bbox 800 2023 911 2061; x_wconf 90' lang='lat' dir='ltr'>cuius</span> <span class='ocrx_word' id='word_1_260' title='bbox 943 2029 984 2061; x_wconf 89' lang='lat' dir='ltr'>tu</span> <span class='ocrx_word' id='word_1_261' title='bbox 1005 2034 1054 2060; x_wconf 85' lang='lat' dir='ltr'>ex</span> <span class='ocrx_word' id='word_1_262' title='bbox 1076 2020 1355 2073; x_wconf 86' lang='lat' dir='ltr'>impurissimis</span> <span class='ocrx_word' id='word_1_263' title='bbox 1376 2019 1557 2059; x_wconf 86' lang='lat' dir='ltr'>faucibus</span> 
     </span>
     <span class='ocr_line' id='line_1_30' title="bbox 103 2088 1536 2142; baseline -0.003 -12"><span class='ocrx_word' id='word_1_264' title='bbox 103 2106 166 2141; x_wconf 88' lang='lat'>215</span> <span class='ocrx_word' id='word_1_265' title='bbox 186 2092 547 2133; x_wconf 88' lang='lat' dir='ltr'>inhonestissimam</span> <span class='ocrx_word' id='word_1_266' title='bbox 568 2091 824 2142; x_wconf 86' lang='lat' dir='ltr'>cupiditatem</span> <span class='ocrx_word' id='word_1_267' title='bbox 845 2090 1017 2141; x_wconf 89' lang='lat' dir='ltr'>eripuisti</span> <span class='ocrx_word' id='word_1_268' title='bbox 1039 2101 1196 2128; x_wconf 87' lang='lat' dir='ltr'>summa</span> <span class='ocrx_word' id='word_1_269' title='bbox 1216 2101 1308 2128; x_wconf 87' lang='lat' dir='ltr'>curn</span> <span class='ocrx_word' id='word_1_270' title='bbox 1328 2088 1536 2139; x_wconf 80' lang='lat' dir='ltr'>aequitate.</span> 
     </span>
     <span class='ocr_line' id='line_1_31' title="bbox 243 2156 1556 2212; baseline -0.005 -12"><span class='ocrx_word' id='word_1_271' title='bbox 243 2170 279 2212; x_wconf 89' lang='lat'>7.</span> <span class='ocrx_word' id='word_1_272' title='bbox 311 2160 426 2200; x_wconf 91' lang='lat' dir='ltr'>Haec</span> <span class='ocrx_word' id='word_1_273' title='bbox 456 2166 495 2198; x_wconf 91' lang='lat' dir='ltr'>et</span> <span class='ocrx_word' id='word_1_274' title='bbox 521 2166 676 2198; x_wconf 89' lang='lat' dir='ltr'>caetera</span> <span class='ocrx_word' id='word_1_275' title='bbox 705 2158 824 2208; x_wconf 88' lang='lat' dir='ltr'>plena</span> <span class='ocrx_word' id='word_1_276' title='bbox 849 2157 1075 2202; x_wconf 87' lang='lat' dir='ltr'>severitatis,</span> <span class='ocrx_word' id='word_1_277' title='bbox 1102 2169 1204 2207; x_wconf 91' lang='lat' dir='ltr'>quae</span> <span class='ocrx_word' id='word_1_278' title='bbox 1226 2156 1394 2195; x_wconf 83' lang='lat' dir='ltr'>statuisti</span> <span class='ocrx_word' id='word_1_279' title='bbox 1414 2156 1455 2194; x_wconf 90' lang='lat' dir='ltr'>in</span> <span class='ocrx_word' id='word_1_280' title='bbox 1482 2157 1556 2194; x_wconf 86' lang='lat' dir='ltr'>ista</span> 
     </span>
     <span class='ocr_line' id='line_1_32' title="bbox 184 2224 1554 2282; baseline -0.004 -13"><span class='ocrx_word' id='word_1_281' title='bbox 184 2229 398 2282; x_wconf 89' lang='lat' dir='ltr'>provincia,</span> <span class='ocrx_word' id='word_1_282' title='bbox 428 2239 512 2266; x_wconf 91' lang='lat' dir='ltr'>non</span> <span class='ocrx_word' id='word_1_283' title='bbox 541 2226 654 2265; x_wconf 89' lang='lat' dir='ltr'>facile</span> <span class='ocrx_word' id='word_1_284' title='bbox 685 2226 769 2264; x_wconf 91' lang='lat' dir='ltr'>sine</span> <span class='ocrx_word' id='word_1_285' title='bbox 800 2237 957 2264; x_wconf 86' lang='lat' dir='ltr'>summa</span> <span class='ocrx_word' id='word_1_286' title='bbox 986 2225 1209 2275; x_wconf 87' lang='lat' dir='ltr'>integritate</span> <span class='ocrx_word' id='word_1_287' title='bbox 1245 2224 1554 2264; x_wconf 90' lang='lat' dir='ltr'>sustineremus:</span> 
     </span>
     <span class='ocr_line' id='line_1_33' title="bbox 184 2291 1555 2349; baseline -0.004 -13"><span class='ocrx_word' id='word_1_288' title='bbox 184 2309 306 2349; x_wconf 91' lang='lat' dir='ltr'>quare</span> <span class='ocrx_word' id='word_1_289' title='bbox 336 2296 384 2336; x_wconf 88' lang='lat' dir='ltr'>sit</span> <span class='ocrx_word' id='word_1_290' title='bbox 415 2307 572 2335; x_wconf 88' lang='lat' dir='ltr'>summa</span> <span class='ocrx_word' id='word_1_291' title='bbox 592 2294 632 2332; x_wconf 92' lang='lat' dir='ltr'>in</span> <span class='ocrx_word' id='word_1_292' title='bbox 661 2293 742 2332; x_wconf 87' lang='lat' dir='ltr'>iure</span> <span class='ocrx_word' id='word_1_293' title='bbox 764 2292 941 2332; x_wconf 88' lang='lat' dir='ltr'>dicundo</span> <span class='ocrx_word' id='word_1_294' title='bbox 962 2294 1159 2339; x_wconf 83' lang='lat' dir='ltr'>severitas,</span> <span class='ocrx_word' id='word_1_295' title='bbox 1183 2291 1405 2331; x_wconf 89' lang='lat' dir='ltr'>dummodo</span> <span class='ocrx_word' id='word_1_296' title='bbox 1431 2304 1478 2331; x_wconf 87' lang='lat' dir='ltr'>ea</span> <span class='ocrx_word' id='word_1_297' title='bbox 1504 2305 1555 2331; x_wconf 90' lang='lat' dir='ltr'>ne</span> 
     </span>
     <span class='ocr_line' id='line_1_34' title="bbox 184 2358 1552 2415; baseline -0.004 -13"><span class='ocrx_word' id='word_1_298' title='bbox 184 2364 351 2404; x_wconf 87' lang='lat' dir='ltr'>varietur</span> <span class='ocrx_word' id='word_1_299' title='bbox 372 2364 506 2415; x_wconf 85' lang='lat' dir='ltr'>gratia,</span> <span class='ocrx_word' id='word_1_300' title='bbox 531 2361 600 2401; x_wconf 89' lang='lat' dir='ltr'>sed</span> <span class='ocrx_word' id='word_1_301' title='bbox 622 2367 876 2400; x_wconf 81' lang='lat' dir='ltr'>conservetur</span> <span class='ocrx_word' id='word_1_302' title='bbox 898 2360 1123 2410; x_wconf 87' lang='lat' dir='ltr'>aequabilis.</span> <span class='ocrx_word' id='word_1_303' title='bbox 1187 2358 1267 2398; x_wconf 90' lang='lat' dir='ltr'>Sed</span> <span class='ocrx_word' id='word_1_304' title='bbox 1292 2365 1424 2397; x_wconf 86' lang='lat' dir='ltr'>tamen</span> <span class='ocrx_word' id='word_1_305' title='bbox 1446 2359 1552 2410; x_wconf 87' lang='lat' dir='ltr'>parvi</span> 
     </span>
     <span class='ocr_line' id='line_1_35' title="bbox 100 2427 1552 2483; baseline -0.001 -14"><span class='ocrx_word' id='word_1_306' title='bbox 100 2445 164 2470; x_wconf 81' lang='lat'>220</span> <span class='ocrx_word' id='word_1_307' title='bbox 182 2432 299 2472; x_wconf 83' lang='lat' dir='ltr'>refert</span> <span class='ocrx_word' id='word_1_308' title='bbox 315 2433 387 2472; x_wconf 86' lang='lat' dir='ltr'>abs</span> <span class='ocrx_word' id='word_1_309' title='bbox 407 2438 445 2471; x_wconf 90' lang='lat' dir='ltr'>te</span> <span class='ocrx_word' id='word_1_310' title='bbox 466 2431 553 2483; x_wconf 91' lang='lat' dir='ltr'>ipso</span> <span class='ocrx_word' id='word_1_311' title='bbox 585 2430 644 2469; x_wconf 87' lang='lat' dir='ltr'>ius</span> <span class='ocrx_word' id='word_1_312' title='bbox 667 2429 742 2468; x_wconf 86' lang='lat' dir='ltr'>dici</span> <span class='ocrx_word' id='word_1_313' title='bbox 770 2428 1023 2479; x_wconf 80' lang='lat' dir='ltr'>aequabiliter</span> <span class='ocrx_word' id='word_1_314' title='bbox 1045 2434 1083 2466; x_wconf 89' lang='lat' dir='ltr'>et</span> <span class='ocrx_word' id='word_1_315' title='bbox 1111 2427 1328 2478; x_wconf 84' lang='lat' dir='ltr'>diligenter,</span> <span class='ocrx_word' id='word_1_316' title='bbox 1351 2427 1424 2466; x_wconf 89' lang='lat' dir='ltr'>nisi</span> <span class='ocrx_word' id='word_1_317' title='bbox 1448 2427 1552 2467; x_wconf 86' lang='lat' dir='ltr'>idem</span> 
     </span>
    </p>
   </div>
  </div>
 </body>
</html>
