1731 2620
192 71 274 110 244
547 66 792 98 EXTRACTS
821 68 957 99 FROM
988 68 1170 101 CICERO.
1386 70 1466 110 Sect.
1489 72 1527 101 V.

189 167 269 205 fieri
299 180 426 206 rerum
456 168 697 218 capitalium:
744 180 870 217 neque
905 168 1031 206 solum
1061 174 1287 218 praesentes
1316 181 1403 208 reos
1431 169 1525 217 fieri,

188 234 257 271 scd
295 234 411 271 etiam
451 234 642 272 absentes.
713 233 911 272 Diodorus
951 233 1103 272 Romae
1133 234 1351 274 sordidatus
1381 235 1523 274 circum

187 306 374 348 patronos
397 307 512 350 atque
533 299 708 350 hospites
729 292 904 338 cursare:
934 312 1014 338 rem
1036 301 1217 339 omnibus
1237 313 1401 340 narrare.
1445 301 1524 340 Lit-
1542 306 1583 340 45

187 373 290 403 terae
330 366 532 403 mittuntur
568 366 628 403 isti
668 378 690 403 a
725 372 832 415 patre
870 365 1131 414 vehementes,
1164 367 1213 405 ab
1247 367 1380 406 amicis
1419 367 1521 414 item,

188 431 342 478 videret,
379 432 471 482 quid
511 439 641 482 ageret
671 432 718 470 de
749 432 938 479 Diodoro,
969 445 1047 482 quo
1077 433 1396 483 progrederetur:
1440 445 1521 472 rem

184 497 327 534 claram
357 510 442 536 esse
473 504 509 535 et
539 498 791 536 invidiosam:
835 499 1001 537 insanire
1040 498 1266 538 hominem:
1310 500 1521 550 periturum

185 563 261 602 hoc
291 575 370 601 uno
401 564 571 610 crimine,
604 564 675 602 nisi
706 565 879 603 cavisset.
939 564 1016 605 Iste
1046 565 1160 603 etiam
1191 572 1272 604 tum
1303 573 1465 616 patrem,
1491 565 1522 604 si

184 643 264 668 non
295 631 333 668 in
365 631 545 680 parentis,
567 638 604 669 at
634 632 672 668 in
703 631 906 669 hominum
937 644 1101 671 numero
1132 634 1314 683 putabat:
1344 633 1395 672 ad
1424 632 1521 671 iudi·
1542 641 1584 675 50

184 698 286 735 cium
316 697 493 734 nondum
523 710 563 735 sc
592 699 683 736 satis
714 698 965 736 instruxerat:
996 699 1142 748 primus
1170 711 1296 737 annus
1325 705 1405 737 erat
1432 711 1523 750 pro-

184 763 353 808 vinciam
387 775 466 800 non
497 770 537 800 ut
573 763 610 800 in
643 763 814 810 Sthenio,
845 764 921 801 iam
952 764 1112 802 refertus
1146 765 1322 815 pecunia.
1383 764 1521 814 Itaque

185 828 289 867 furor
319 829 399 866 eius
430 829 652 878 paullulum,
684 842 763 867 non
795 829 955 879 pudore,
986 829 1054 868 sed
1084 837 1190 868 metu
1219 842 1264 868 ac
1295 830 1431 868 timore
1463 842 1521 868 re-

184 907 339 944 pressus
365 902 432 932 est.
493 895 767 934 Condemnare
797 895 1015 933 Diodorum
1044 908 1124 934 non
1151 896 1288 934 audet:
1317 896 1521 935 absentem

184 962 232 999 de
254 963 327 999 reis
348 962 492 1000 eximit.
552 962 750 1000 Diodorus
778 963 922 1000 interea
950 969 1125 1014 praetore
1152 963 1226 1002 isto
1254 975 1375 1014 prope
1404 964 1522 1002 trien·
1543 969 1584 1002 55

184 1029 289 1066 nium
313 1029 510 1078 provincia
532 1029 729 1080 domoque
751 1030 881 1068 caruit.

308 1190 344 1225 7.
378 1186 479 1223 How
510 1186 637 1223 Verres
658 1187 790 1224 robbcd
804 1187 945 1225 Prz'nce
965 1187 1171 1226 Anlr'oclzus
1191 1189 1240 1239 os
1251 1187 1378 1237 Syria.

246 1303 277 1329 1.
307 1290 435 1329 Venio
456 1304 571 1338 nunc,
593 1304 672 1330 non
694 1293 771 1330 iam
792 1292 841 1331 ad
862 1292 1015 1339 furtum,
1038 1306 1119 1332 non
1140 1277 1188 1331 ad
1210 1293 1418 1339 avaritiam,
1441 1303 1523 1330 non

185 1357 234 1395 ad
265 1358 527 1408 cupiditatem,
550 1359 617 1397 sed
645 1359 838 1397 eiusmodi
864 1359 1026 1406 facinus,
1047 1360 1087 1398 in
1117 1372 1196 1410 quo
1217 1360 1350 1398 omnia
1377 1358 1523 1397 nefaria

185 1424 374 1462 contineri
394 1424 487 1461 mihi
508 1431 622 1475 atque
643 1426 770 1463 inesse
792 1426 990 1464 videantur
1003 1439 1012 1473 ;
1042 1426 1082 1464 in
1103 1438 1183 1476 quo
1211 1426 1262 1464 dii
1283 1425 1522 1464 immortales

184 1490 323 1537 violati,
348 1491 580 1529 existimatio
611 1499 725 1541 atque
756 1493 963 1531 auctoritas
993 1493 1163 1531 nominis
1189 1492 1324 1544 populi
1350 1490 1522 1530 Romani

184 1557 399 1604 imminuta,
420 1557 632 1607 hospitium
663 1558 870 1608 spoliatum
901 1571 945 1597 ac
975 1559 1184 1608 proditum,
1205 1558 1410 1597 abalienati
1439 1569 1522 1596 sce·
1544 1571 1563 1605 5

184 1622 261 1661 lere
290 1623 398 1661 istius
425 1635 448 1660 a
469 1623 581 1661 nobis
602 1635 739 1661 omnes
766 1637 877 1673 reges
898 1625 1121 1663 amicissimi
1146 1625 1402 1676 nationesque
1423 1637 1522 1675 quae

185 1689 223 1726 in
254 1701 389 1727 eorum
419 1701 541 1739 regno
572 1702 616 1727 ac
647 1689 790 1727 ditione
821 1698 921 1728 sunt.
980 1689 1084 1728 Nam
1111 1703 1223 1740 reges
1253 1690 1394 1741 Syriae,
1420 1691 1523 1741 regis

185 1756 369 1794 Antiochi
398 1756 496 1794 filios
524 1768 678 1805 pueros,
701 1756 805 1794 scitis
827 1756 979 1795 Romae
1007 1769 1132 1807 nuper
1151 1757 1291 1796 fuisse:
1323 1758 1388 1807 qui
1409 1769 1523 1796 vene-

186 1830 271 1860 rant
300 1834 382 1860 non
411 1829 569 1872 propter
600 1821 730 1872 Syriae
760 1835 946 1873 regnu1n;
978 1835 1070 1861 nam
1089 1823 1129 1862 id
1154 1824 1236 1863 sine
1261 1824 1524 1863 controversia

186 1888 427 1933 obtinebant,
449 1895 490 1926 ut
517 1901 539 1926 a
569 1895 675 1938 patre
704 1896 740 1926 et
771 1901 793 1926 a
819 1890 1030 1928 maioribus
1054 1897 1311 1940 acceperant:
1343 1890 1412 1929 sed
1438 1902 1524 1940 reg·
1546 1905 1586 1928 ιο

186 1966 280 1991 num
305 1954 475 2004 Aegypti
503 1954 554 1995 ad>
587 1967 627 1992 se
654 1961 691 1992 et
718 1955 767 1993 ad
798 1955 975 2002 Selenen,
997 1963 1159 1994 matrem
1189 1969 1312 2004 suam,
1333 1957 1524 2008 pertinere

186 2021 478 2058 arbitrabantur.
536 2020 591 2059 Hi
621 2021 694 2071 ipsi
724 2028 993 2072 posteaquam,
1021 2024 1260 2073 temporibus
1289 2024 1524 2074 reipublicae

186 2086 342 2132 exclusi,
364 2098 433 2136 per
453 2094 631 2124 senatum
653 2099 766 2136 agere
789 2100 888 2137 quae
908 2088 1108 2126 voluerant
1138 2101 1219 2127 non
1243 2096 1463 2140 potuerunt,
1485 2090 1525 2128 in

187 2151 337 2201 Syriam
366 2152 406 2189 in
433 2165 597 2202 regnum
625 2154 792 2203 patrium
820 2153 983 2203 profecti
1012 2160 1111 2192 sunt.
1160 2155 1309 2193 Eorum
1331 2156 1436 2202 alter,
1457 2155 1523 2206 qui

185 2217 405 2256 Antiochus
433 2225 602 2265 vocatur,
633 2219 703 2257 iter
731 2232 800 2269 per
831 2219 1000 2258 Siciliam
1031 2220 1155 2260 facere
1185 2221 1313 2259 voluit.
1373 2221 1522 2271 Itaque,
1547 2237 1584 2271 ¹5

185 2283 257 2323 isto
287 2290 475 2334 praetore,
496 2285 599 2322 venit
630 2284 850 2334 Syracusas.
911 2286 988 2324 Hic
1008 2286 1149 2326 Verres
1171 2287 1424 2326 hereditatem
1452 2287 1525 2325 sibi

185 2350 334 2390 venisse
356 2350 558 2388 arbitratus
579 2357 647 2398 est,
667 2351 774 2401 quod
794 2352 832 2390 in
854 2352 934 2391 eius
955 2365 1120 2403 regnum
1142 2366 1187 2392 ac
1207 2365 1347 2392 manus
1368 2361 1524 2394 venerat
