1731 2620
201 114 281 153 214
562 108 813 140 EXTRACTS
842 107 982 139 FROM
1011 107 1194 139 CICERO.
1400 109 1480 140 Sect.
1503 108 1544 140 V.

198 215 246 252 ab
286 214 331 252 iis
372 212 445 253 siet.
483 212 624 263 quibus
664 218 704 250 tu
737 211 819 249 eius
854 210 1026 249 muneris
1066 210 1236 261 aliquam
1270 215 1419 260 partem
1451 221 1546 248 con·

198 281 371 319 cesseris,
429 279 488 317 Ac
516 279 610 317 mihi
641 278 799 328 quidem
825 277 973 315 videtur
996 287 1077 315 non
1099 288 1191 315 sane
1212 288 1358 327 magna
1383 275 1547 314 varietas

196 359 283 386 csse
314 345 563 395 negotiorum
595 344 634 382 in
670 343 976 382 administranda
1006 342 1111 385 Asia,
1143 342 1211 381 sed
1242 354 1289 380 ea
1317 348 1398 381 tota
1437 340 1547 380 iuris·

198 413 366 451 dictione
386 412 554 449 maxime
577 410 766 448 sustineri.
826 409 871 447 In
894 421 972 459 qua
1000 409 1183 447 scientiae
1203 408 1430 460 praesertim
1456 419 1547 459 pro-

198 479 368 518 vincialis
398 478 494 516 ratio
526 478 611 528 ipsa
649 476 832 527 expedita
861 484 940 515 est:
983 476 1201 515 constantia
1230 482 1288 514 est
1325 474 1548 514 adhibenda

197 554 234 584 et
272 545 440 595 gravitas
471 556 571 594 quae
611 544 761 581 resistat
802 554 882 580 non
922 542 1048 580 solum
1079 542 1238 591 gratiae,
1268 553 1402 580 verum
1430 541 1548 579 etiam

199 611 422 661 suspicioni.
497 609 764 659 Adiungcnda
804 609 920 646 etiam
965 615 1022 646 est
1062 607 1220 646 facilitas
1259 607 1299 646 in
1338 606 1547 654 audiendo,

197 678 332 716 lenitas
363 678 402 715 in
425 676 686 722 decernendo,
716 675 755 713 in
787 675 878 713 satis
909 673 1088 713 faciendo
1119 686 1165 712 ac
1197 673 1433 724 disputando
1463 671 1548 712 dili-

197 745 337 793 gentia.
400 742 474 781 His
514 743 629 780 rebus
670 753 795 791 nuper
825 739 870 779 C.
900 739 1088 780 Octavius
1121 740 1423 779 iucundissimus
1465 738 1546 786 suit,

198 810 302 860 apud
332 822 449 860 quern
479 810 627 860 primus
657 808 767 846 lictor
798 807 951 857 quievit,
983 807 1101 845 tacuit
1130 818 1332 852 accensus,
1364 806 1547 857 quotiens

197 877 361 926 quisque
387 875 504 913 voluit
535 874 629 912 dixit
659 881 696 912 et
726 886 844 924 quam
875 873 993 912 voluit
1023 872 1101 910 diu.
1163 871 1318 919 Quibus
1339 872 1401 910 ille
1430 872 1547 910 rebus

199 943 360 980 sortasse
383 942 498 979 nimis
528 940 624 978 lenis
655 939 856 986 videretur,
878 939 953 977 nisi
983 938 1080 977 haec
1107 938 1244 977 lenitas
1275 938 1378 977 illam
1408 938 1548 977 severi-

198 1017 315 1047 tatem
346 1014 524 1046 tueretur.
584 1006 838 1055 Cogebantur
870 1004 1017 1043 Sullani
1045 1004 1226 1043 homines
1253 1017 1354 1055 quae
1381 1016 1450 1055 per
1469 1004 1547 1042 vim

197 1083 233 1113 et
263 1082 412 1113 metum
442 1073 679 1112 abstulerant
709 1072 880 1110 reddere.
940 1070 1019 1118 Qui
1050 1071 1089 1108 in
1119 1071 1407 1120 magistratibus
1447 1070 1546 1108 iniu-

198 1143 298 1180 riose
328 1141 588 1184 decreverant,
618 1138 758 1176 eodem
790 1138 882 1187 ipsis
912 1137 1067 1187 privatis
1097 1143 1176 1175 erat
1206 1137 1286 1174 iure
1316 1135 1546 1187 parendum.

198 1208 310 1246 Ilaec
350 1207 447 1245 illius
487 1205 667 1244 severitas
707 1204 847 1242 acerba
887 1203 1090 1249 videretur,
1126 1202 1200 1240 nisi
1239 1202 1370 1240 multis
1409 1201 1546 1241 condi-

199 1275 338 1314 mentis
360 1273 610 1312 humanitatis
632 1272 884 1319 mitigaretur.
945 1268 1066 1316 Quod
1088 1270 1119 1308 si
1142 1269 1238 1308 haec
1269 1269 1408 1308 lenitas
1438 1275 1547 1319 grata

200 1342 352 1380 Romae
377 1347 445 1385 est,
467 1340 533 1377 ubi
562 1346 667 1377 tanta
695 1337 918 1386 arrogantia
947 1343 1017 1382 est,
1040 1343 1118 1374 tam
1149 1335 1406 1374 immoderata
1433 1335 1546 1374 liber-

198 1417 266 1454 tas,
289 1415 369 1445 tam
399 1406 547 1444 infinita
577 1404 779 1442 hominum
811 1403 975 1449 licentia,
999 1402 1166 1452 denique
1197 1409 1253 1440 tot
1282 1402 1545 1452 magistratus,

198 1482 254 1513 tot
284 1473 436 1518 auxilia,
460 1479 565 1510 tanta
590 1471 656 1517 vis,
681 1478 787 1508 tanta
812 1477 968 1507 senatus
993 1469 1212 1514 auctoritas,
1233 1480 1352 1519 quam
1377 1467 1548 1506 iucunda

198 1541 354 1579 tandem
385 1539 574 1590 praetoris
606 1537 770 1576 comitas
800 1537 839 1574 in
870 1535 966 1574 Asia
994 1542 1123 1585 potest
1150 1547 1247 1581 esse,
1268 1535 1309 1573 in
1339 1547 1417 1586 qua
1440 1541 1548 1574 tanta

198 1607 404 1647 multitudo
445 1606 598 1651 civium,
634 1611 740 1642 tanta
779 1603 989 1648 sociorum,
1021 1608 1077 1640 tot
1115 1602 1243 1648 urbes,
1278 1607 1335 1640 tot
1373 1601 1548 1640 civitates

198 1676 312 1712 unius
344 1673 517 1711 hominis
553 1678 691 1709 nutum
730 1670 939 1715 intuentur,
969 1669 1035 1706 ubi
1070 1667 1219 1705 nullum
1250 1667 1435 1705 auxilium
1475 1673 1547 1714 est,

199 1742 302 1779 nulla
332 1738 577 1790 conquestio,
599 1737 724 1775 nullus
755 1742 926 1781 senatus,
948 1734 1053 1772 nulla
1081 1734 1243 1772 contio?
1302 1733 1436 1781 Quare
1462 1746 1549 1785 per-

199 1806 331 1857 magni
355 1805 525 1844 hominis
554 1811 611 1842 est
638 1811 676 1841 et
703 1814 824 1852 quum
854 1802 939 1851 ipsa
967 1807 1104 1838 natura
1130 1799 1322 1838 moderati
1346 1807 1429 1838 tum
1455 1812 1548 1840 vero

200 1875 316 1912 etiam
338 1872 513 1911 doctrina
534 1877 648 1920 atque
671 1869 906 1919 optimarum
928 1867 1067 1904 artium
1096 1865 1231 1904 studiis
1260 1866 1398 1905 eruditi
1425 1865 1480 1904 sic
1506 1877 1549 1904 se

201 1940 384 1978 adhibere
411 1938 452 1976 in
479 1944 584 1976 tanta
612 1941 815 1986 potestate,
838 1942 880 1972 ut
910 1933 1014 1971 nulla
1041 1932 1114 1970 alia
1134 1938 1308 1982 potestas
1327 1933 1378 1971 ab
1397 1931 1444 1971 iis
1464 1931 1550 1984 qui-

201 2007 273 2044 bus
294 2006 325 2043 is
346 2005 490 2055 praesit
510 2003 758 2042 desideretur.

257 2074 293 2110 8.
324 2071 449 2122 Cyrus
480 2070 540 2108 ille
571 2082 594 2107 a
624 2066 891 2118 Xenophonte
921 2078 1002 2104 non
1029 2065 1079 2104 ad
1103 2065 1287 2104 historiae
1314 2064 1433 2104 fidem
1459 2064 1551 2105 scri-

203 2145 306 2189 ptus,
328 2138 398 2175 sed
419 2136 468 2175 ad
493 2136 660 2186 effigiem
689 2134 778 2172 iusti
805 2133 967 2183 imperii,
990 2132 1098 2170 cuius
1126 2144 1281 2170 summa
1305 2133 1474 2181 gravitas
1500 2131 1551 2170 ab

202 2205 266 2242 illo
305 2202 542 2253 philosopho
582 2213 672 2240 cum
713 2199 897 2249 singulari
938 2199 1119 2237 comitate
1159 2197 1419 2247 coniungitur,
1449 2209 1551 2247 quos

202 2270 361 2320 quidem
382 2269 500 2307 libros
527 2280 610 2306 non
637 2267 720 2305 sine
751 2277 869 2304 causa
889 2272 1021 2303 noster
1042 2264 1103 2302 ille
1124 2263 1332 2302 Africanus
1358 2262 1406 2301 de
1426 2263 1551 2302 mani-

203 2337 274 2374 bus
313 2347 459 2386 ponere
490 2346 571 2372 non
612 2333 785 2371 solebat:
816 2331 964 2368 nullum
1003 2337 1062 2368 est
1091 2330 1195 2367 enim
1236 2329 1550 2379 praetermissum

204 2403 243 2439 in
273 2402 333 2440 his
363 2401 533 2440 officium
564 2398 758 2448 diligentis
788 2405 826 2436 et
855 2397 1044 2435 moderati
1076 2395 1251 2446 imperii:
1281 2407 1404 2446 eaque
1434 2395 1466 2434 si
1495 2395 1551 2434 sic

1569 486 1631 520 225

1567 817 1632 852 230

1566 1148 1628 1182 ²35

1567 1477 1630 1509 ²40

1569 1812 1630 1847 245

1571 2141 1635 2176 ²50
